2952 3960
1497 303 1545 361 4

452 449 646 500 scriptam
669 450 915 499 acceperat,
947 446 1002 486 ita
1033 457 1108 498 pro
1137 446 1328 488 editionis
1360 460 1459 490 suae
1489 446 1661 488 consilio
1690 458 1788 489 usus
1805 448 1881 501 sit,
1911 455 1955 491 ut
1984 462 2068 494 non
2096 454 2176 496 nisi
2204 467 2254 497 ea
2281 454 2448 505 ederet,
2475 466 2580 508 quae

454 521 678 572 memoratu
708 517 832 571 digua
861 517 938 568 ipsi
968 515 1217 557 viderentur.
1277 518 1487 572 Utcunque
1517 528 1585 558 res
1613 528 1660 558 se
1688 518 1852 570 habuit,
1893 530 1976 562 non
2005 521 2209 577 ingratum
2239 524 2328 568 fore
2355 535 2502 578 spero,
2545 524 2585 567 si

453 587 648 642 quidquid
674 587 779 641 apud
809 587 1137 630 Bekkerum'aut
1165 589 1283 629 deest
1313 594 1382 630 aut
1410 591 1542 643 aliqua
1575 588 1734 628 ratione
1767 601 1790 628 a
1821 590 1977 643 Cyrillo
2009 591 2206 646 dissidet,
2247 595 2288 637 id
2317 593 2395 635 hac
2424 604 2580 647 oppor-

454 661 647 711 tunitate,
678 672 797 712 quam
823 658 1134 713 diligentissime
1165 664 1338 711 potero,
1368 660 1583 700 indicabo:
1613 673 1695 701 non
1723 673 1803 714 quo
1832 663 1884 703 ad
1916 676 1991 715 ea,
2020 677 2125 717 quae
2159 668 2322 709 aliunde
2352 668 2402 708 de
2433 667 2576 708 codice

455 733 708 773 Farnesiano
734 732 1018 779 innotuerunt,
1049 732 1149 771 novi
1180 730 1275 771 inde
1306 731 1450 771 mirum
1478 732 1668 785 quiddam
1698 734 1891 786 afferam,
1930 737 2006 778 sed
2034 743 2077 779 ut
2105 741 2443 792 praestantissimi
2474 739 2579 780 illius

460 805 715 847 instrumenti
755 803 887 846 critici
928 801 1070 844 notitia
1111 802 1179 844 fiat
1217 804 1373 846 certior
1412 804 1624 858 minusque
1659 807 1869 849 erroribus
1906 808 2100 851 obnoxia.
2159 811 2299 853 Sicubi
2337 812 2578 853 lectionibus

447 878 568 933 sigla
597 876 635 919 B
663 876 864 930 adscripta
893 876 1063 931 legitur,
1103 875 1314 917 sciendum
1345 881 1427 926 est,
1467 876 1656 919 editionis
1692 891 1762 920 eas
1792 892 1884 922 esse
1912 880 2177 934 Bipont-inae,
2220 895 2320 936 quas
2363 897 2453 925 cum
2495 885 2582 937 Cy-

459 950 573 992 rillus
615 951 779 991 silentio
818 950 1182 1002 praetermisisset,
1230 960 1314 989 non
1363 949 1508 990 iniuria
1549 948 1780 1000 Bekkerus,
1831 964 2072 1003 quamquam
2112 955 2371 1008 plerumque,
2420 961 2464 996 ut
2508 968 2582 1007 par

459 1027 573 1071 erat,
606 1021 860 1071 dubitanter,
891 1019 1027 1061 codici
1049 1021 1126 1073 ipsi
1149 1020 1301 1062 tribuit.
1359 1019 1477 1068 Quod
1507 1019 1699 1062 iudicium
1728 1020 1825 1064 licet
1855 1022 1895 1064 in
1924 1023 2157 1066 universum
2190 1038 2395 1068 consensu
2423 1038 2579 1077 eorum,

454 1097 522 1149 qui
564 1094 751 1135 codicem
792 1098 936 1147 postea
979 1093 1267 1145 inspexerunt,
1314 1093 1413 1132 satis
1461 1093 1764 1146 comprobatum
1806 1096 1883 1147 sit,
1919 1100 2054 1138 tamen
2094 1108 2175 1138 non
2216 1096 2355 1150 deest,
2404 1100 2475 1141 ubi
2512 1099 2580 1140 vi-

454 1181 544 1211 rum
580 1165 874 1222 κριτικώτατον
903 1166 1010 1205 ratio
1040 1164 1242 1204 fefellerit.
1300 1163 1509 1205 Eiusmodi
1540 1164 1741 1206 lectiones
1773 1169 1972 1208 asterisco
2001 1169 2156 1209 notavi.
2214 1169 2398 1222 Denique
2426 1181 2479 1210 ne
2512 1168 2577 1210 illa

453 1239 616 1292 quidem
646 1236 918 1286 Farnesiana,
958 1246 1063 1287 quae
1094 1235 1223 1274 nimio
1254 1234 1467 1274 brevitatis
1497 1233 1630 1275 studio
1660 1234 1870 1277 Bekkerus
1900 1237 2104 1279 interdum
2130 1237 2307 1281 Ernestii
2345 1239 2578 1282 annotatio-

453 1312 572 1352 nibus
604 1309 724 1350 nullis
754 1306 950 1349 cancellis
980 1307 1144 1347 seclusa
1176 1307 1374 1356 inseruit,
1405 1307 1624 1347 omittenda
1658 1307 1776 1359 duxi,
1807 1321 1859 1349 ne
1885 1311 1976 1363 quis
2004 1310 2139 1363 sorte,
2178 1311 2287 1352 unde
2315 1313 2421 1353 istuc
2450 1324 2579 1352 vene-

452 1384 559 1431 rint,
589 1381 772 1422 miretur.

585 1463 659 1498 81).
675 1460 801 1496 Bittttt.
826 1452 877 1494 11.
899 1463 936 1505 p.
955 1450 1052 1502 496,
1077 1455 1110 1495 1.
1135 1463 1234 1503 sepe
1346 1451 1386 1492 3.
1414 1451 1699 1504 aeloquentiae
1718 1451 1813 1493 add.
1842 1452 2110 1506 „Eloquentia
2139 1466 2303 1510 semper
2333 1468 2424 1498 cum
2455 1453 2576 1509 diph—

455 1528 610 1582 thongo
641 1527 835 1567 scribitur
864 1526 906 1565 in
939 1523 1056 1565 cod.“
1085 1523 1274 1577 Cyrinus.
1407 1525 1470 1565 10.
1502 1524 1598 1564 mihi
1627 1523 1719 1564 add.
1889 1525 1985 1577 497,
2016 1524 2056 1568 4.
2089 1527 2386 1570 caeleberrima
2514 1528 2576 1569 12.

456 1610 650 1652 praessus
786 1597 848 1638 18.
879 1602 920 1636 et
949 1607 1024 1635 om.
1161 1597 1225 1635 22.
1257 1594 1561 1648 apprehendisti
1591 1595 1641 1636 B.
1773 1597 1841 1639 26.
1866 1597 2002 1652 Leges
2032 1598 2128 1651 quid
2156 1598 2365 1641 Maternus
2394 1600 2472 1642 sibi
2502 1599 2579 1641 de-

454 1674 589 1713 buerit
618 1676 659 1710 et
687 1681 892 1724 agnosces
919 1681 1023 1721 quae
1043 1667 1218 1719 audisti,
1249 1667 1358 1720 quod
1385 1669 1422 1707 si
1453 1680 1531 1721 qua
1563 1670 1670 1709 misit
1800 1670 1896 1720 498,
1931 1672 1966 1711 1.
1995 1671 2237 1713 recitatione
2260 1670 2308 1712 Β.
2425 1672 2465 1712 7.
2497 1672 2576 1712 ob..

457 1744 607 1785 missis.
639 1741 838 1793 „Verbum
868 1739 1020 1779 omitto.
1038 1744 1119 1779 etc.
1151 1738 1294 1779 eadem
1327 1737 1617 1793 orthographia
1645 1741 1855 1792 scribitur,
1886 1743 2045 1793 quoties
2076 1743 2261 1783 occurrit
2288 1743 2330 1782 in
2355 1741 2448 1782 cod.
2476 1745 2573 1782 ms.“

455 1815 553 1869 ΟΨ.
671 1814 734 1855 12.
768 1812 1062 1856 Graeculorum
1181 1811 1244 1851 13.
1278 1823 1533 1864 aggregares
1559 1809 1608 1849 Β.
1730 1814 1796 1850 21.
1827 1825 2043 1852 causarum
2076 1813 2126 1852 B.
2275 1814 2373 1863 499,
2410 1816 2443 1852 1.
2478 1814 2574 1853 mihi

438 1888 554 1931 ‚satis
585 1897 790 1940 superque
951 1884 990 1925 5.
1025 1883 1067 1924 in
1096 1883 1149 1924 iis
1177 1881 1492 1936 cogitationibus
1519 1887 1719 1924 excusent
1885 1883 1926 1925 6.
1956 1886 2089 1936 gratia
2106 1884 2156 1924 Β.
2326 1886 2392 1926 13.
2426 1890 2467 1923 et
2494 1896 2574 1938 ego

452 1958 575 1999 enim.
749 1952 816 1997 14.
855 1953 1031 1996 inveniri
1069 1964 1151 1997 non
1187 1952 1350 2007 patiar?
1389 1953 1611 1997 Maternum
1649 1954 1848 1997 societate
1883 1952 2096 2008 plurimum
2140 1954 2304 2007 defendi
2333 1955 2406 1998 sed
2446 1958 2575 2009 ipsum

452 2031 559 2083 500,
604 2030 645 2072 8.
681 2039 881 2084 prospere
918 2025 968 2068 Β.
1176 2026 1242 2070 10.
1271 2026 1425 2068 loricae
1461 2026 1621 2082 gladius
1821 2015 1887 2069 12.
1916 2027 2005 2070 sive
2045 2028 2086 2070 in
2128 2027 2281 2070 iudicio
2311 2027 2359 2073 Β.
2383 2029 2411 2056 ⁴*

457 2101 520 2145 14.
549 2103 617 2156 qui
644 2100 694 2142 Β.
844 2100 941 2149 501,
976 2100 1013 2139 2.
1044 2097 1180 2152 aliquo
1210 2097 1258 2138 Β.
1372 2102 1410 2142 5.
1441 2110 1554 2141 suam
1583 2097 1677 2139 add.
1796 2100 1859 2141 12.
1888 2099 2001 2141 orbis
2119 2097 2184 2141 14.
2214 2112 2448 2154 aegressuS.
2478 2102 2570 2153 „Sic

452 2176 648 2216 scribitur
676 2173 757 2214 hoc
786 2172 956 2212 verbum
973 2202 985 2223 ,
1015 2171 1262 2225 ubicumque
1290 2173 1518 2215 occurrit-‘⁴
1547 2172 1643 2225 ΟΨ.
1788 2171 1853 2213 17.
1890 2183 2030 2214 coram
2201 2172 2267 2215 18.
2297 2184 2574 2226 quemcunque

454 2249 598 2286 orator
627 2243 803 2284 induerit
831 2241 880 2283 Β.
1054 2243 1152 2294 502,
1179 2241 1221 2284 6.
1250 2242 1438 2283 letiorem
1572 2245 1635 2285 11.
1670 2244 1872 2285 foeliciter.
1987 2243 2051 2285 14.
2081 2248 2161 2285 tum
2192 2244 2306 2285 abire
2418 2257 2499 2286 non
2533 2246 2572 2286 in

453 2317 534 2357 alio
565 2318 697 2356 oritur
839 2315 902 2355 15.
933 2327 1011 2355 nec
1041 2313 1243 2356 codicillis
1272 2314 1321 2355 B.
1463 2315 1523 2356 17.
1554 2320 1594 2355 et
1623 2316 1664 2355 in
1693 2316 1794 2356 urbe
1822 2327 1897 2355 nos
1927 2315 2021 2356 dum
2057 2315 2161 2368 apud
2296 2315 2357 2358 19.
2389 2320 2501 2357 recta
2534 2321 2573 2356 et

456 2387 619 2429 indoles
751 2385 848 2436 503,
878 2389 915 2446 6.
947 2386 1187 2438 Eproprium
1301 2386 1344 2426 8.
1373 2398 1455 2426 ιιοιι
1486 2387 1614 2427 minus
1644 2399 1737 2427 esse
1862 2387 1924 2428 10.
1955 2386 2034 2428 illis
2064 2387 2231 2428 alterius
2347 2386 2409 2427 17.
2441 2399 2575 2441 angu-

455 2461 534 2502 stia
563 2458 612 2500 B.
726 2456 821 2509 504,
852 2457 893 2499 4.
922 2458 1171 2513 aegraegius
1285 2459 1324 2500 5.
1355 2464 1607 2512 contemptus
1715 2460 1756 2502 6.
1788 2461 1963 2502 civitatis
1992 2458 2038 2500 B.
2135 2462 2234 2499 ante
2262 2459 2394 2501 donec
2424 2462 2508 2499 tam
2535 2465 2574 2500 et

453 2542 575 2585 quam
602 2543 649 2571 ac
679 2541 755 2570 om.
872 2530 938 2571 26.
969 2534 1010 2569 et
1038 2530 1111 2570 tibi
1248 2529 1345 2580 505,
1384 2533 1420 2570 1.
1451 2537 1633 2574 nostrum
1746 2534 1812 2574 22.
1840 2534 2004 2588 genium
2033 2532 2126 2574 B.*
2242 2530 2368 2573 offitia
2400 2534 2444 2572 ut
2471 2542 2573 2584 quae

452 2604 550 2655 506,
582 2601 621 2643 4.
650 2606 837 2655 penetrat
865 2601 1040 2642 inedium
1072 2606 1115 2641 nt
1143 2614 1215 2654 per
1240 2606 1298 2642 tot
1412 2602 1475 2642 17.
1506 2607 1547 2643 et
1573 2606 1671 2642 aute
1698 2604 1828 2657 epigr.
1856 2614 1933 2643 om.
2050 2603 2147 2654 507,
2175 2602 2222 2642 2.
2253 2599 2463 2641 offendere

453 2677 490 2717 7.
520 2681 560 2718 at
589 2681 628 2717 tu
659 2678 758 2715 ante
785 2674 1000 2715 meditatus
1031 2685 1107 2713 om.
1225 2671 1287 2716 14.
1318 2679 1357 2714 et
1385 2673 1480 2714 add.
1599 2676 1661 2715 17.
1692 2676 1838 2715 Parant
1869 2676 1976 2716 enim
2008 2675 2103 2728 quid
2136 2686 2200 2715 me
2230 2684 2312 2714 non
2341 2673 2471 2713 minus
2501 2672 2571 2713 diu

453 2762 653 2791 accusare
680 2752 869 2790 oratores
902 2759 1020 2799 quam
1050 2748 1164 2800 Aper
1191 2746 1427 2788 laudaverat
1565 2748 1660 2798 508,
1695 2748 1733 2788 1.
1762 2747 1912 2788 Vatinii
1930 2746 1979 2788 B.
1998 2749 2025 2773 θ
2140 2752 2181 2791 2.
2213 2750 2253 2787 et
2270 2744 2393 2786 hodie
2410 2743 2460 2785 B.

448 2821 489 2864 4.
518 2821 739 2876 deiungere
853 2820 893 2861 7.
922 2821 1118 2872 cuiusque
1233 2820 1296 2859 13.
1329 2832 1406 2860 nee
1436 2821 1476 2860 in
1509 2821 1676 2873 strepitu
1789 2819 1884 2870 509,
1919 2823 1953 2861 1.
1985 2818 2217 2860 abundabat
2247 2815 2295 2857 Β.
2412 2816 2475 2855 12.
2505 2817 2571 2866 qui

449 2892 499 2935 Β.
520 2895 547 2920 ⁴*
671 2890 872 2934 Messalae
905 2889 954 2932 Β.
1088 2891 1152 2932 17.
1183 2896 1384 2932 secretum
1416 2890 1463 2932 Β.
1483 2893 1509 2917 ⁴*
1677 2893 1773 2943 510,
1805 2894 1841 2934 1.
1868 2904 1919 2932 an
1951 2894 2050 2931 ante
2078 2889 2188 2944 'quod
2217 2890 2360 2930 timent
2385 2898 2461 2927 om.

450 2965 492 3007 6.
523 2964 849 3005 solicitudinibus
993 2964 1032 3003 7.
1062 2962 1227 3004 cotidie.
1261 2963 1455 3016 „Semper
1482 2962 1624 3004 eadem
1654 2961 1945 3017 orthographia
1977 2963 2173 3016 scriptum
2206 2959 2389 3002 occurrit
2419 2959 2460 3000 in
2494 2970 2574 3000 co-

453 3036 544 3078 dice
574 3039 675 3076 ms.“
706 3035 801 3089 Cyr.
920 3036 961 3079 8.
997 3035 1118 3077 sontis
1230 3035 1271 3078 9.
1300 3035 1514 3078 Pallantem
1632 3035 1696 3077 16.
1728 3035 1836 3077 velut
1864 3036 2050 3077 stinctus.
2079 3034 2179 3076 'l'um
2208 3030 2408 3074 Urbanius
