2952 3960
1469 285 1512 344 6

1835 337 1858 362 O

424 439 502 481 que
532 437 607 466 om.
624 425 693 466 Β..
806 426 871 469 18.
898 427 1134 480 accepimus
1268 427 1328 468 19.
1358 439 1411 468 ne
1441 425 1491 468 Β.
1604 427 1673 469 20.
1703 430 1771 470 aut
1800 426 1917 472 ullius
1954 430 2002 472 B.
2161 431 2259 481 5⁴3,
2288 430 2329 474 3.
2360 432 2481 475 sicuti
2507 432 2557 478 B.

421 499 463 540 6.
493 511 572 539 nec
600 499 706 539 bene
737 497 909 538 formam
1062 498 1098 537 7.
1132 497 1277 538 borum
1308 510 1389 538 non
1423 499 1643 539 emendare
1800 502 1862 543 10.
1893 503 1936 543 in
1964 504 2169 546 civitatem
2201 508 2383 547 nostram

423 567 521 620 544,
549 568 592 611 6.
621 569 840 614 obscurior
870 568 1004 623 gloria
1141 569 1182 610 8.
1215 581 1305 609 cum
1336 571 1486 621 optima
1518 572 1600 611 cito
1747 573 1806 614 16.
1842 575 1946 615 vitas
1979 587 2030 615 ac
2060 581 2198 617 vestra
2227 580 2406 629 tempora

423 641 490 682 20.
520 641 630 682 bono
661 639 710 681 Β.
824 641 958 692 „Inter
986 640 1113 681 verba
1144 639 1316 680 alterius
1343 644 1488 680 utatur
1521 646 1560 683 et
1587 642 1754 694 finierat
1775 644 1989 685 Maternus
2013 647 2375 701 interestspatium
2394 650 2557 703 punctis·

425 713 659 754 distinctum
689 726 738 753 ac
765 712 951 758 lacunam
980 712 1203 753 indicans.“
1233 711 1420 765 Cyn-illus.

555 785 668 826 llaec
696 782 912 826 hactenus.
968 783 1083 824 Nunc
1115 784 1331 839 Dialogum
1362 784 1492 838 ipsum
1513 797 1759 839 percensere
1788 787 1912 838 libet,
1943 800 2023 842 quo
2054 789 2204 831 nullam
2236 791 2367 834 Taciti
2392 797 2548 846 partem

422 857 559 910 plures
590 857 786 909 temporis
815 855 1100 908 bominumque
1132 857 1279 897 iniuria
1311 857 1491 898 maculas
1520 858 1780 908 suscepisse,
1819 859 2019 899 neminem
2059 859 2190 901 latere
2232 862 2433 911 arbitror,
2480 862 2549 914 qui

423 929 599 970 libellum
638 928 878 982 prudentiae
916 928 1195 981 plenissimum
1240 933 1281 969 et
1323 928 1460 969 divino
1492 928 1597 969 illius
1630 929 1796 982 ingenio
1827 929 1945 982 plane
1977 930 2142 984 dignum
2173 934 2375 987 cognorit.
2436 932 2550 981 Quae

423 1001 519 1039 vitia
552 1000 630 1040 etsi
659 1000 759 1040 satis
802 1009 950 1052 magno
992 1010 1162 1039 numero
1208 998 1493 1040 excellentium
1529 1000 1762 1041 criticorum
1804 1013 1902 1042 cura
1939 1000 2114 1042 feliciter
2151 1003 2371 1053 exemerit,
2414 1007 2550 1043 tamen

423 1070 612 1112 nonnulla
641 1071 859 1112 etiamnum
881 1069 1091 1121 resident,
1124 1071 1271 1123 quibus
1298 1070 1480 1112 remedia
1509 1073 1692 1112 certatim
1722 1071 1904 1114 adhibita
1934 1084 2076 1126 parum
2104 1079 2174 1115 aut
2199 1074 2298 1116 nihil
2327 1075 2416 1128 opis
2439 1078 2548 1115 attu-

422 1144 569 1183 lerunt.
627 1144 727 1184 Sunt
746 1143 825 1184 alia
853 1153 1020 1192 rursuS,
1050 1154 1154 1194 quae
1186 1155 1277 1182 cum
1308 1147 1419 1183 recta
1450 1147 1491 1183 et
1520 1144 1679 1196 integra
1708 1144 1832 1197 vulgo
1866 1144 2117 1195 habeantur,
2149 1146 2247 1186 mihi
2277 1146 2440 1199 quidem
2471 1146 2551 1186 du-

423 1216 532 1256 bium
577 1226 660 1254 non
705 1219 789 1264 est,
830 1214 926 1266 quin
965 1213 1184 1265 depravata
1223 1215 1303 1254 sint
1338 1218 1378 1254 et
1412 1215 1567 1267 corrigi
1593 1220 1778 1266 poseant.
1837 1214 1899 1255 Ex
1927 1220 2100 1268 utroque
2129 1230 2284 1271 genere
2313 1218 2391 1257 iam
2421 1229 2548 1269 pauca

422 1285 652 1339 proferam,
684 1289 822 1325 cetera
851 1285 980 1335 alias,
1012 1284 1082 1325 ubi
1113 1285 1333 1326 videbitur.

558 1356 654 1408 Cap.
683 1357 721 1395 2.
752 1355 921 1396 Marcus
939 1357 1055 1408 Aper
1086 1360 1125 1395 et
1146 1356 1273 1397 Iulius
1290 1354 1525 1408 Secundus,
1556 1356 1819 1397 celeberrima
1849 1362 1932 1397 tum
1960 1359 2124 1410 inqenia
2149 1362 2235 1413 fori
2261 1359 2392 1399 nostri
2404 1388 2420 1409 ,
2449 1370 2551 1411 quos

425 1437 496 1477 eqo
526 1427 569 1466 in
599 1426 761 1467 iudiciis
791 1438 873 1467 non
903 1431 1101 1479 utrosque
1136 1426 1254 1468 modo
1287 1426 1467 1468 studiose
1498 1428 1737 1482 audiebam,
1778 1429 1852 1470 sed
1893 1429 2000 1471 domi
2038 1442 2198 1485 quoque
2234 1436 2274 1470 et
2309 1431 2353 1470 in
2385 1429 2550 1483 publico

423 1498 670 1539 adsectabar
687 1505 766 1541 etc.
803 1500 896 1542 Noli
911 1499 1122 1550 dubitare,
1154 1501 1250 1552 quin
1275 1514 1416 1542 errore
1444 1500 1599 1542 librarii
1629 1502 1810 1542 turbatus
1840 1504 1894 1542 sit
1920 1504 2139 1543 verborum
2172 1502 2290 1543 ordo.
2336 1502 2455 1550 Quod
2484 1504 2549 1542 vi-

424 1572 521 1612 tium
549 1571 854 1624 transponendo
884 1573 940 1613 ita
973 1571 1163 1613 facillime
1191 1572 1421 1613 sanabitur:
1468 1584 1569 1625 quos
1604 1584 1675 1624 eqo
1708 1578 1905 1627 utrosque
1935 1586 2018 1614 non
2044 1574 2088 1613 in
2119 1574 2283 1615 iudiciis
2310 1573 2426 1614 modo
2455 1578 2547 1613 stu-

425 1642 536 1684 diose
565 1640 808 1692 audiebam,
837 1641 911 1684 sed
940 1641 1047 1683 domi
1075 1654 1235 1695 quoque
1260 1648 1345 1685 etc.

558 1716 602 1757 C.
631 1716 671 1758 3.
703 1714 835 1768 Iaitur
864 1719 909 1756 ut
935 1714 1180 1756 intravimus
1209 1713 1435 1756 cubiculum
1474 1715 1677 1765 Materni,
1707 1714 1910 1757 sedentem
1937 1716 2147 1769 ipsumque
2173 1727 2289 1769 quem
2315 1715 2449 1769 pridie
2474 1729 2548 1759 re-

423 1788 627 1829 citaverat
669 1787 817 1829 librum
857 1788 971 1828 intra
1012 1798 1158 1828 manus
1195 1786 1407 1828 habentem
1444 1786 1790 1841 deprehendimus.
1850 1787 2045 1830 Codicum
2084 1787 2205 1830 lectio
2247 1793 2309 1830 est
2342 1787 2547 1830 sedentem

421 1860 555 1914 ipsum
579 1872 696 1914 quem
725 1858 883 1914 pridie.
929 1861 1043 1902 Unde
1074 1861 1125 1903 Μ.
1145 1861 1340 1915 Hauptius
1370 1862 1570 1913 coniecit,
1604 1860 1712 1914 quod
1740 1859 1864 1902 bodie
1894 1859 2096 1916 vulgatur.
2154 1859 2302 1902 Verum
2334 1872 2387 1903 ex
2417 1873 2548 1903 accu-

421 1938 508 1975 rate
537 1932 730 1987 loquendi
757 1933 851 1988 lege
879 1938 982 1987 part.
1000 1932 1204 1974 sedentem
1233 1933 1404 1986 requirit
1431 1944 1654 1986 pronomen
1674 1944 1787 1982 eum,
1817 1932 1889 1987 vei
1910 1931 2018 1986 quod
2048 1933 2090 1974 in
2111 1932 2286 1987 Dialogo
2313 1933 2401 1974 eius
2420 1945 2546 1986 prope

422 2007 555 2046 vicem
587 2016 873 2059 nonnunquam
900 2006 1039 2057 subit,
1067 2005 1215 2057 ipsum.
1273 2006 1406 2054 Quare
1434 1997 1663 2058 Lipsianam
1703 2005 1920 2046 lectionem
1959 2002 2163 2045 sedentem
2201 2004 2334 2056 ipsum
2364 2007 2405 2044 et
2432 2016 2549 2056 quem

421 2078 672 2133 praeferrem
688 2107 700 2128 ,
727 2078 810 2118 nisi
837 2076 985 2119 leniori
1016 2077 1174 2119 medela
1202 2076 1488 2132 corrigendum
1518 2076 1752 2119 videretur:
1781 2075 1987 2117 sedentem
2013 2075 2149 2128 ipsum
2174 2086 2380 2128 quemque.

555 2152 598 2191 C.
628 2152 667 2192 7.
705 2151 801 2191 Tum
829 2150 924 2190 milii
951 2161 1084 2202 supra
1114 2150 1348 2191 tribunatus
1374 2155 1414 2189 et
1439 2153 1667 2201 praeturas
1694 2153 1733 2189 et
1761 2148 1997 2190 consulatus
2024 2148 2248 2188 ascendere
2275 2147 2432 2197 videor,
2463 2151 2548 2187 tum

420 2222 594 2273 habere,
621 2220 731 2274 quod
754 2221 791 2262 si
817 2233 900 2262 non
925 2221 968 2261 in
996 2220 1078 2262 alio
1106 2221 1257 2271 oritur,
1286 2233 1362 2261 nec
1389 2220 1582 2261 codicillis
1610 2220 1735 2261 datur
1760 2231 1835 2261 nec
1864 2231 1955 2261 cum
1980 2220 2121 2273 qratia
2148 2220 2273 2261 venit.
2305 2220 2446 2261 Mirum
2468 2224 2546 2271 est,

420 2307 537 2347 quam
567 2296 680 2334 varia
699 2305 829 2345 eaque
857 2295 1003 2344 partim
1034 2292 1289 2333 incredibilia
1317 2292 1642 2346 excogitaverint
1671 2291 1749 2331 viri
1778 2291 1914 2340 docti,
1943 2296 1987 2331 ut
2016 2303 2068 2331 ex
2095 2290 2203 2342 alio,
2234 2289 2344 2342 quod
2363 2288 2546 2330 fraudem

420 2367 635 2408 manifesto
655 2366 813 2417 prodit,
849 2366 946 2407 boni
978 2364 1130 2418 aliquid
1158 2364 1371 2405 elicerent.
1418 2363 1648 2404 [testamen
1668 2369 1731 2404 est
1753 2362 1980 2414 eiusmodi,
2010 2369 2053 2403 ut
2072 2363 2295 2404 remedium
2317 2373 2398 2401 non
2421 2360 2544 2415 longe

420 2451 592 2481 necesse
611 2439 664 2480 sit
684 2443 889 2491 repetere.
949 2439 992 2479 Si
1013 2439 1121 2479 enim
1151 2450 1225 2490 pro
1254 2437 1297 2476 in
1316 2435 1425 2484 alio,
1457 2448 1538 2476 non
1569 2436 1622 2476 ita
1654 2434 1829 2476 violenta
1863 2436 2083 2476 mutatione
2113 2435 2246 2486 facta,
2278 2435 2321 2475 in
2337 2434 2453 2476 nobis
2481 2437 2546 2477 le-

420 2523 517 2565 gas,
550 2511 721 2562 optime‚
756 2510 791 2551 si
821 2509 918 2563 quid
948 2509 1109 2560 iudico,
1140 2513 1181 2549 et
1211 2509 1436 2549 sententiae
1466 2508 1675 2548 veritatem
1706 2512 1746 2547 et
1773 2508 1976 2548 sermonis
2003 2508 2273 2548 urbanitatem
2300 2509 2545 2548 restitueris,

556 2582 652 2624 ibid.
689 2580 768 2632 Qui
797 2594 879 2623 non
911 2581 1092 2623 illustres
1117 2580 1222 2621 etin
1250 2578 1374 2632 urbe,
1414 2591 1496 2619 non
1520 2578 1651 2619 solum
1689 2577 1802 2632 apud
1838 2578 2068 2631 negotiosos
2107 2581 2147 2619 et
2188 2576 2316 2619 rebus
2354 2577 2547 2629 intentos,

421 2656 493 2698 sed
523 2657 644 2697 etiam
680 2654 795 2708 apud
831 2665 988 2696 vacuos
1028 2659 1067 2695 et
1099 2654 1399 2702 adolescentes,
1440 2651 1585 2706 quibus
1618 2651 1736 2694 modo
1764 2657 1803 2692 et
1830 2657 1949 2693 recta
1974 2652 2131 2694 indoles
2161 2655 2221 2693 est
2251 2656 2290 2692 et
2314 2650 2422 2692 bona
2451 2662 2546 2704 spes

420 2729 520 2769 sui?
561 2729 741 2770 Halmius
770 2734 884 2769 recte
905 2740 957 2769 ex
976 2728 1225 2769 Boetticberi
1254 2729 1490 2769 coniectura
1517 2727 1683 2780 scripsit
1712 2726 1782 2780 qui
1811 2730 1894 2766 tam
1919 2726 2128 2768 inlustres.
2187 2724 2270 2769 Sed
2300 2724 2408 2777 quod
2439 2723 2546 2767 idem

420 2808 514 2855 post
541 2806 581 2840 et
608 2803 650 2840 in
678 2801 782 2840 urbe
814 2801 1022 2842 excidisse
1049 2804 1088 2839 et
1119 2805 1243 2841 emera
1269 2798 1408 2839 urbem
1438 2801 1601 2850 statuit,
1645 2811 1817 2850 vereor,
1855 2812 1907 2840 ne
1946 2799 2275 2841 addidamentum
2305 2808 2388 2838 non
2415 2796 2546 2851 magis

425 2875 556 2915 Taciti
584 2886 744 2914 manum
774 2874 954 2925 reserat,
988 2884 1106 2926 quam
1143 2873 1251 2926 quod
1281 2872 1458 2913 Ritterus
1488 2870 1635 2912 nollem
1676 2871 1716 2911 in
1757 2871 1886 2923 ipsum
1922 2870 2106 2912 ordinem
2142 2869 2390 2922 recepisset:
2431 2871 2470 2909 et
2505 2867 2549 2908 in

420 2951 556 2986 cetero
586 2946 686 2987 orbe
715 2951 925 2987 terrarum
952 2952 991 2986 et
1018 2947 1062 2987 in
1087 2946 1201 2987 urbe.
1237 2947 1321 2987 Nec
1343 2958 1441 2987 vero
1458 2945 1650 2995 Haustus,
1681 2956 1761 2996 quo
1792 2942 2031 2984 offensionis
2060 2944 2219 2984 scilicet
2247 2952 2412 2982 causam
2432 2953 2550 2982 amo·-

356 3031 357 3035 ’
420 3021 583 3071 liretur,
616 3021 715 3060 satis
757 3025 875 3061 caute
913 3024 952 3059 et
981 3025 1075 3062 ante
1111 3021 1154 3059 in
1184 3019 1288 3060 urbe
1317 3021 1429 3060 uncis
1456 3019 1632 3059 inclusit.
1690 3017 1750 3057 Ne
1780 3016 1924 3057 multa.
1980 3015 2116 3069 Lego:
2148 3013 2230 3063 Qui
2258 3017 2340 3052 tam
2371 3012 2551 3053 illustres
