2952 3960
1096 441 1120 468 ,
1455 401 1498 457 5

401 542 498 590 511,
538 542 578 582 9.
609 540 809 590 decebat,
837 541 1118 592 superscripto
1152 551 1178 580 o
1207 538 1346 591 priori
1374 538 1536 575 litterae
1562 549 1598 576 e.
1717 536 1781 576 15.
1812 538 2054 578 cruditionis
2085 550 2134 579 ac
2249 536 2313 579 24.
2341 539 2528 581 Uessalla

404 612 502 664 512,
527 613 561 652 1.
594 612 779 665 Antiquis
806 624 861 653 eo
888 613 1015 655 credo
1045 611 1239 653 audacius
1359 610 1424 651 10.
1454 609 1652 660 abiisset,
1680 608 1963 661 superscripto
1987 609 2094 650 absit
2209 611 2271 650 11.
2302 612 2378 652 iste
2405 612 2532 652 enitet

404 684 468 726 12.
506 681 606 726 alius
639 680 735 723 cdd.
822 688 1039 727 contentus
1069 681 1117 724 Β.
1231 682 1329 732 513,
1376 682 1666 733 2.exequemur
1756 680 1820 723 10.
1854 682 2165 735 significatione
2195 681 2243 721 Β.
2331 682 2395 723 13.
2428 683 2527 725 CCC

401 754 518 796 annis
538 752 586 794 B.
701 754 765 794 15.
794 752 974 807 Phylippi
1085 755 1154 796 20.
1183 765 1233 794 ac
1254 757 1486 806 respectum
1600 751 1718 793 huius
1737 752 1803 792 evi
1918 753 1984 792 21.
2017 752 2054 792 si
2076 757 2120 792 ut
2137 750 2186 792 Β.
2300 754 2366 792 22.
2394 759 2455 793 est
2475 752 2524 794 B.

403 822 498 876 514,
526 823 567 866 3.
596 822 742 866 eodem
773 836 881 867 anno
910 823 959 867 Β.
1124 826 1163 869 8.
1194 825 1428 868 adscribitis
1604 825 1667 865 11.
1696 821 1767 865 Vll
1796 821 1888 864 idus
1919 851 2147 867 ......
2275 825 2340 867 13.
2371 830 2526 868 statuae

402 908 549 938 novem
575 903 615 938 et
645 898 942 953 quinquaginta
1154 899 1222 940 21.
1254 910 1301 940 se
1330 898 1529 940 fatebatur
1555 901 1596 938 et
1624 907 1786 951 pugnae
2015 898 2083 938 22.
2120 897 2352 939 Britanniae

402 968 498 1017 515,
531 968 594 1008 14.
623 969 770 1009 Servio
788 968 962 1009 Galbae⁴
1059 970 1122 1010 15.
1153 970 1437 1010 vocaverimus
1454 967 1503 1010 Β.
1631 968 1694 1009 17.
1723 970 1874 1008 utinam
1896 970 1937 1009 in
1966 969 2033 1010 illa
2061 974 2177 1022 parte
2205 970 2382 1011 imitatus
2411 975 2521 1011 esset

401 1039 468 1079 20.
499 1050 659 1092 quoque
689 1038 736 1078 Β.
860 1039 954 1091 516,
991 1042 1024 1082 1.
1056 1041 1124 1093 qui
1151 1050 1226 1093 pro
1257 1039 1412 1082 Catone
1523 1041 1562 1080 4.
1591 1038 1666 1080 sed
1693 1036 1743 1079 B.
1858 1040 1897 1080 5.
1929 1040 2115 1093 antiquus
2233 1042 2297 1082 15.
2331 1040 2517 1083 Cassium

402 1121 519 1162 quem
547 1124 659 1152 reum
691 1112 842 1153 faciunt
992 1112 1089 1163 517,
1121 1113 1160 1154 9.
1192 1117 1233 1153 et
1261 1116 1359 1152 ante
1386 1111 1630 1164 Apollodori
1660 1123 1738 1152 om.
1855 1114 1919 1152 11.
1951 1111 2115 1153 videtur
2230 1114 2296 1154 12.
2327 1118 2416 1154 erat

409 1183 470 1223 15.
498 1195 619 1236 quom
649 1185 720 1225 vix
749 1186 788 1225 in
820 1187 978 1226 cortina
1150 1186 1246 1235 518,
1276 1186 1304 1226 8
1333 1184 1585 1236 exspectabit
1613 1182 1661 1223 Β.
1808 1185 1873 1223 16.
1903 1189 1970 1224 aut
2003 1185 2220 1236 Turpionis
2251 1189 2318 1224 aut
2346 1184 2524 1226 Ambivii

402 1254 497 1305 519,
535 1257 598 1296 10.
631 1255 858 1308 Aequidem
887 1256 1047 1298 fatebor
1192 1257 1255 1296 12.
1285 1257 1432 1297 Ganuti
1560 1260 1628 1295 aut
1655 1256 1756 1295 Attii
1787 1253 1835 1294 Β.
1854 1256 1882 1280 ⁴*
1995 1255 2056 1295 De
2087 1255 2237 1297 Furnio
2267 1260 2309 1296 et
2339 1255 2517 1296 Coranio

402 1327 504 1368 alios
600 1328 695 1379 520,
732 1328 791 1370 10.
820 1329 858 1369 ei
889 1341 969 1382 quo
999 1329 1213 1370 sublimius
1302 1330 1363 1373 12.
1397 1330 1485 1369 sive
1511 1330 1549 1369 in
1580 1328 1672 1368 ΒΑ
1759 1329 1822 1370 13.
1852 1333 1966 1381 parte
1995 1341 2132 1371 serum
2219 1327 2282 1370 14.
2314 1328 2406 1370 illae
2426 1327 2519 1367 add.

334 1391 341 1400 ’
401 1399 468 1443 24.
500 1403 694 1454 temporis
830 1402 925 1453 522,
957 1402 997 1443 3.
1029 1401 1190 1443 dicendi
1217 1413 1350 1456 genus
1462 1401 1502 1441 6.
1534 1411 1681 1441 sensus
1711 1405 1823 1453 optet
1849 1412 1941 1442 cum
2080 1401 2146 1443 10.
2192 1400 2395 1442 laudatum

404 1474 467 1516 16.
499 1474 563 1515 vel
593 1475 783 1529 rubigine
934 1475 1000 1515 22.
1031 1487 1124 1515 nam
1154 1480 1195 1515 et
1223 1473 1324 1515 haec
1355 1475 1547 1514 imitatus.
1580 1474 1706 1528 „Legi
1734 1478 1866 1525 potest
1894 1475 2014 1515 etiam
2043 1473 2288 1514 invitatus.“
2315 1474 2412 1528 Cyr.

402 1547 471 1589 23.
497 1547 525 1587 ii
554 1548 620 1599 qui
650 1560 697 1588 sc
723 1549 911 1600 antiquos
938 1552 1125 1588 oratores
1153 1549 1358 1588 vocabant
1502 1547 1597 1596 523,
1633 1550 1667 1586 1.
1697 1547 1954 1601 significasse
2099 1547 2161 1587 17.
2194 1548 2387 1602 gravitati

403 1618 467 1660 18.
500 1624 542 1660 et
571 1621 758 1671 quotiens
901 1621 962 1661 19.
993 1633 1041 1660 ea
1070 1622 1257 1672 quotiens
1388 1620 1454 1661 20.
1486 1619 1656 1671 planitas
1686 1625 1750 1659 est
1893 1621 2002 1670 524,
2040 1620 2103 1660 10.
2133 1624 2175 1660 et
2206 1631 2229 1659 a
2261 1620 2411 1660 vestris

403 1693 466 1731 11.
499 1690 626 1743 Igitur
652 1703 847 1743 exprome
874 1692 993 1733 nobis
1121 1689 1193 1732 24.
1222 1693 1258 1732 si
1289 1693 1514 1732 comminus
1546 1692 1694 1731 fatetur
1861 1693 1955 1743 525,
1985 1697 2025 1735 7.
2060 1694 2096 1732 si
2128 1704 2226 1732 vere
2353 1693 2393 1733 8.
2423 1703 2519 1743 spe-

400 1761 503 1802 ciem
620 1761 681 1815 13.
713 1763 840 1803 seiam
871 1764 1040 1815 quanvis
1157 1764 1221 1804 15.
1253 1763 1544 1815 cogitationem
1665 1768 1706 1803 et
1733 1768 1827 1803 sunt
1857 1764 1991 1815 aliqua
2105 1764 2172 1803 23.
2204 1769 2245 1802 et
2274 1764 2319 1802 C.
2341 1764 2521 1802 Caelium

400 1831 496 1885 526,
528 1832 567 1874 2.
598 1845 675 1876 nec
704 1844 780 1878 om.
924 1831 989 1876 14.
1017 1834 1210 1888 frequens
1236 1836 1341 1877 sicut
1372 1836 1433 1877 bis
1461 1819 1529 1878 c‘li’a
1560 1841 1599 1877 et
1629 1836 1872 1877 exclamatio
2034 1839 2098 1876 15.
2130 1842 2273 1876 tencre
2310 1836 2357 1875 B.
2380 1838 2406 1861 ⁴*

399 1903 494 1956 527,
530 1904 589 1947 16.
622 1909 812 1959 apparate
913 1906 978 1949 18.
1007 1906 1194 1960 equidem
1228 1904 1274 1948 Β.
1363 1906 1425 1948 19.
1457 1906 1576 1960 paulo
1605 1912 1699 1949 ante
1729 1906 1846 1960 plane
1878 1908 2040 1949 mitiore
2070 1906 2325 1959 ineloquentia
2355 1912 2397 1947 et
2418 1913 2523 1947 iem-

398 1986 542 2028 porum
569 1982 801 2019 nostrorum
826 1979 994 2020 miratus
1020 1978 1146 2020 iratus
1232 1977 1338 2021 22.a
1366 1978 1494 2032 prima
1524 1978 1843 2033 disceptatione.
1862 1977 1961 2021 Nam
1981 1990 2059 2021 nec
2173 1978 2267 2031 528,
2295 1978 2337 2022 8.
2369 1979 2520 2021 etenim

396 2049 477 2087 iam
504 2050 541 2089 si
567 2049 664 2090 mibi
773 2050 868 2102 529,
900 2050 964 2092 14.
991 2054 1033 2092 et
1051 2049 1260 2092 bibacitati
1343 2050 1411 2091 21.
1440 2063 1520 2093 nec
1539 2055 1831 2106 praeceptores
1935 2050 2002 2094 26.
2029 2051 2241 2094 laboratur
2337 2050 2407 2094 31.
2445 2049 2525 2093 ha·-

397 2121 533 2161 buerit
561 2120 610 2161 Β.
696 2123 748 2163 de
777 2123 903 2163 curiis
931 2123 1107 2164 ret'eram
1190 2122 1286 2175 530,
1317 2123 1359 2164 4.
1386 2124 1507 2165 nobis
1590 2124 1629 2167 9.
1660 2122 1878 2165 Diodotum
1907 2122 1957 2164 Β.
2044 2123 2112 2166 28.
2141 2126 2186 2164 ut
2216 2123 2257 2164 in
2286 2123 2337 2164 iis
2367 2123 2521 2164 artibus

395 2197 542 2243 pectus
560 2192 776 2245 implorent
858 2192 1010 2245 531‚4.
1027 2193 1266 2235 disserimus
1347 2194 1579 2249 plerumque
1595 2205 1672 2236 οιιι.
1736 2196 1798 2237 15.
1815 2195 1968 2236 tenebit
1981 2205 2108 2237 venas
2193 2195 2262 2236 22.
2279 2193 2430 2248 aliquid
2444 2204 2520 2234 om.

398 2268 562 2316 apertos
585 2275 666 2316 pro
695 2264 735 2305 hi
765 2270 881 2317 aptos
1007 2266 1103 2317 532,
1126 2268 1161 2307 1.
1178 2265 1309 2307 locos.
1325 2266 1483 2308 Dabunt
1550 2267 1591 2309 6.
1607 2267 1833 2308 liberaliter
1861 2266 1983 2307 debet
1996 2264 2045 2306 Β.
2161 2266 2229 2307 20.
2257 2266 2378 2307 etiam
2411 2264 2457 2306 Β.

397 2335 494 2386 533,
508 2337 547 2377 2.
564 2337 624 2377 vis
643 2348 804 2389 quoque
823 2337 1017 2378 cotidiani
1079 2338 1142 2380 16.
1157 2350 1239 2379 non
1253 2337 1460 2378 rhetorum
1543 2337 1638 2387 531,
1655 2335 1693 2378 4.
1712 2337 1902 2378 facultate
1918 2341 1959 2377 et
1974 2336 2230 2389 actoquentia
2310 2338 2372 2377 10.
2389 2348 2516 2377 exer-

398 2408 613 2450 citationes
687 2408 749 2451 16.
769 2408 867 2451 illud
940 2411 1005 2450 22.
1037 2411 1077 2451 in
1097 2411 1259 2451 civitate
1277 2412 1413 2452 locum
1500 2410 1594 2460 535,
1612 2407 1652 2451 4.
1671 2421 1842 2463 magnos
1920 2408 1981 2450 17.
2001 2408 2171 2449 sudibus
2258 2409 2520 2462 22.praece-

395 2481 576 2533 ptoribus
593 2480 642 2522 Β.
730 2482 825 2533 536,
847 2484 911 2525 10.
925 2483 978 2523 Μ.
998 2483 1149 2525 Crasso
1239 2485 1300 2525 12.
1332 2483 1589 2525 deducuntur
1612 2482 1653 2524 in
1678 2480 1841 2523 scholas
1870 2482 2015 2534 quibus
2032 2479 2080 2521 B.
2172 2481 2234 2523 17.
2253 2487 2294 2523 et
2310 2483 2445 2523 dicant
2466 2482 2516 2523 B.

400 2553 461 2594 t9.
481 2553 667 2595 rhetoras
751 2555 846 2606 537,
867 2556 905 2595 7.
931 2555 1048 2605 „Post
1076 2557 1200 2596 verba
1223 2555 1281 2594 ad
1300 2565 1421 2596 veros
1442 2554 1595 2595 iudices
1612 2558 1777 2594 ventum
1792 2558 1853 2593 ese
1871 2553 2063 2609 leguntur
2078 2543 2118 2594 in
2135 2553 2282 2596 codice
2303 2557 2512 2608 sequentia

394 2626 544 2669 verba:
571 2626 737 2666 multum
751 2626 883 2678 delicit
899 2626 942 2665 in
959 2627 1273 2679 exemplar-ibus,
1289 2638 1396 2681 quae
1409 2628 1711 2680 reperiuntur-‚⁶
1728 2627 1825 2681 ΟΨ.
1913 2627 1949 2668 9.
1967 2627 2083 2666 tlama
2169 2627 2265 2678 538,
2286 2628 2325 2668 5.
2356 2628 2514 2680 proba-

393 2697 463 2738 bat
577 2698 641 2740 16.
673 2710 764 2739 cum
793 2699 1024 2740 testimonio
1053 2712 1214 2752 quoque
1244 2701 1285 2741 in
1311 2700 1485 2753 publicis
1515 2713 1596 2742 non
1625 2701 1806 2741 absentis
1925 2700 1990 2740 18.
2018 2701 2199 2753 praemia
2220 2701 2341 2739 etiam
2363 2712 2513 2739 neces-

393 2772 493 2813 sitas
523 2776 563 2812 ct
591 2772 806 2814 commodo
835 2772 1030 2814 disertum
1169 2775 1236 2816 20.
1266 2774 1339 2814 sed
1369 2778 1512 2815 contra
1648 2774 1713 2812 22.
1745 2772 2039 2824 stipulabantur
2151 2771 2433 2812 clientulorum
2460 2771 2509 2812 Β.

394 2842 460 2883 26.
492 2848 650 2885 vestras
679 2843 782 2886 baec
810 2850 975 2895 vetera,
1007 2856 1110 2898 quae
1135 2849 1177 2886 ct
1205 2846 1246 2886 in
1376 2845 1471 2896 539,
1511 2847 1543 2883 1.
1573 2845 1892 2897 antiquariorum
1921 2842 1972 2884 B.
2095 2848 2136 2883 et
2165 2855 2257 2883 cum
2287 2846 2459 2884 maxime
2491 2858 2515 2885 a

390 2911 571 2955 Butiano
682 2919 722 2961 3.
754 2916 886 2958 aedita
1008 2916 1076 2958 31.
1102 2917 1362 2959 adversarius
1393 2930 1443 2959 eo
1477 2918 1614 2959 acrior
1644 2929 1719 2970 per
1746 2928 1902 2971 pugnas
1933 2916 2011 2957 sibi
2040 2916 2149 2968 ipsas
2181 2916 2452 2968 desumpserit

390 2982 485 3034 540,
515 2984 554 3023 2.
586 2985 824 3025 criminibus
935 2997 1010 3027 ore
1039 2985 1088 3027 Β.
1201 2986 1242 3028 3.
1273 2990 1316 3027 ut
1343 2998 1489 3029 secura
1517 2987 1643 3029 velint
1761 2989 1800 3029 4.
1830 2990 1962 3041 aptior
1988 2992 2054 3029 est
2083 2989 2138 3029 ita
2228 2989 2309 3029 erit
2337 2999 2413 3028 om.
2439 2987 2515 3028 B!

392 3055 432 3096 9.
461 3055 615 3108 primus
642 3054 747 3097 baec
776 3057 831 3098 lll
863 3057 1074 3099 consulatu
1199 3058 1261 3101 18.
1292 3059 1440 3100 Urivae
1561 3060 1675 3116 χ541,
1708 3060 1744 3100 1.
1776 3058 1939 3100 videtur
2051 3058 2087 3101 9.
2119 3057 2327 3113 diligentis
2357 3055 2405 3098 B.

397 3129 457 3168 11.
488 3128 609 3169 iudex
628 3140 747 3180 quam
770 3128 957 3182 quando,
988 3141 1114 3183 super
1141 3143 1259 3186 quam
1285 3131 1439 3184 scripto
1458 3143 1511 3172 -s·
1530 3131 1633 3174 cam.
1752 3132 1811 3174 17.
1842 3136 2075 3175 coartarent
2212 3129 2309 3183 542,
2338 3129 2377 3173 6.
2409 3141 2516 3184 quo-
