2952 3960
1416 343 1473 399 9,

515 482 560 524 G.
587 482 660 524 32.
691 481 909 523 EtCicero
938 478 1025 530 his,
1056 485 1102 522 ut
1130 481 1302 534 opinor,
1329 480 1469 522 verbis
1494 482 1649 535 refert,
1679 481 1877 535 quidquid
1898 483 1945 524 in
1967 484 2196 536 eloquentia
2222 482 2426 536 effecerit,
2455 482 2502 523 id

376 567 428 595 se
448 567 532 596 non
558 554 792 603 rhetorum,
818 552 892 594 sed
915 553 1165 595 Academiae
1188 553 1338 606 spatiis
1364 558 1645 594 consutum.
1704 554 1945 597 Rectissime
1971 555 2145 596 Hessius
2172 560 2264 608 post
2288 555 2502 596 rhetorum

380 628 553 667 inseruit
577 626 787 678 officinis,
809 619 1009 678 sumptum
1038 625 1134 665 illud
1163 637 1188 664 e
1217 625 1305 666 Cic.
1334 625 1447 665 Orat.
1466 638 1505 666 c.
1524 626 1566 666 3.
1593 625 1734 677 fateor
1761 637 1824 670 sne
1849 630 2087 676 oratoumm,
2113 625 2153 664 si
2179 624 2296 664 modo
2321 626 2397 664 dm
2423 629 2498 667 aut

377 697 615 751 quicumque
639 695 737 747 dm,
762 707 855 736 non·
870 707 924 736 ex
950 694 1161 737 rhetorum
1186 694 1361 749 officinis
1374 726 1386 748 ‚
1416 695 1490 736 sed
1503 708 1559 738 eat
1570 695 1817 739 Academiae
1842 697 1991 750 spatiis
2019 696 2219 741 extitisse.
2270 696 2399 741 Unum
2423 709 2498 738 re-

376 775 459 811 stat
485 769 649 821 vitium,
680 768 789 823 quod
805 768 1016 810 Acidalius
1042 768 1201 822 pridem
1230 767 1539 810 animadvertit.
1583 770 1716 812 Scribi
1745 771 1855 812 enim
1881 774 2063 823 oportet:
2090 767 2137 809 id
2164 779 2309 810 senon
2326 767 2373 808 in
2392 768 2497 809 rite-

376 845 513 882 torum
538 840 737 893 officinis,
761 840 835 880 sed
851 839 1097 881 Academiae
1121 840 1270 892 spatiis
1297 844 1578 882 consecutum.
1623 842 1685 883 De
1714 843 1903 897 neglecta
1935 842 2151 885 iteratione
2180 841 2497 894 praepositionis

376 912 420 952 in
449 913 531 953 vid.
562 911 725 953 Walch.
758 912 809 953 ad
841 913 972 954 Tacit.
1001 913 1145 968 Agric.
1178 925 1216 954 c.
1245 913 1314 955 35.

515 986 560 1026 C.
592 985 660 1027 33.
693 985 749 1026 Et
782 985 1024 1034 Maternus.
1056 985 1156 1028 uiti
1180 986 1361 1039 quidem,
1401 985 1556 1039 inquit,
1600 989 1833 1038 susceptum
1859 996 1889 1026 a
1913 990 1955 1026 te
1983 983 2129 1027 munus
2158 984 2262 1026 adeo
2288 983 2496 1037 peregisse

375 1056 553 1099 nondum
577 1056 755 1108 videris,
784 1060 831 1098 ut
857 1056 1073 1099 inchoasse
1099 1060 1256 1098 tantum
1286 1061 1326 1098 et
1354 1057 1465 1099 velut
1493 1058 1665 1110 vestigia
1693 1068 1745 1099 ac
1773 1057 2016 1121 lineamenta
2044 1057 2242 1111 quaedam
2269 1055 2496 1098 ostendisse

377 1128 574 1170 videaris.
633 1127 737 1171 Nam
755 1127 901 1181 quibus
919 1128 1069 1168 instrui
1096 1133 1256 1170 veteres
1284 1133 1474 1170 oratores
1501 1129 1610 1170 soliti
1636 1129 1718 1171 sint
1750 1128 1920 1178 dimisti,
1950 1127 2299 1183 differentiamque
2323 1131 2494 1170 nostrae

375 1200 556 1243 desidiae
575 1204 616 1243 et
637 1200 876 1242 inscientiae
903 1199 1108 1241 aduersus
1135 1200 1342 1241 acerrima
1372 1203 1412 1241 et
1433 1200 1722 1255 secundissima
1749 1213 1888 1243 eorum
1914 1200 2051 1243 studia
2081 1198 2389 1243 demonstrasti.
2432 1199 2494 1242 En

374 1285 525 1314 novum
566 1273 822 1327 corruptelae
861 1273 1110 1326 exemplum,
1151 1284 1228 1326 qua
1269 1272 1371 1314 nihil
1408 1274 1448 1314 in
1480 1274 1558 1315 hoc
1601 1272 1738 1315 libello
1767 1274 2047 1327 frequemius.
2103 1273 2267 1315 Excidit
2306 1273 2493 1314 nimirum

377 1350 471 1398 post
495 1343 655 1396 quibus,
688 1345 796 1396 quod
826 1346 931 1384 insta
960 1344 1171 1384 antithesis
1201 1347 1359 1396 poscit,
1389 1344 1562 1384 artibus.
1617 1347 1758 1387 Statim
1790 1348 1898 1386 enim
1917 1346 2123 1386 Maternus
2155 1344 2259 1385 velle
2290 1357 2337 1384 se
2367 1345 2423 1384 ait
2452 1343 2494 1383 id

373 1430 535 1471 quoque
563 1430 846 1472 cognoscere,
876 1419 1020 1470 quibus
1051 1418 1413 1457 exercitationibus
1443 1421 1607 1465 iuvenes
1643 1422 1722 1458 iam
1755 1421 1886 1459 sorum
1919 1420 2148 1473 ingressuri
2179 1420 2421 1459 confirmare
2450 1423 2493 1458 et

376 1492 486 1532 alere
511 1492 674 1546 ingenia
704 1503 778 1531 sua
807 1491 916 1531 soliti
946 1492 1040 1531 sint.
1073 1491 1146 1531 Cui
1163 1491 1338 1532 Messala
1368 1491 1647 1544 respondens,
1689 1492 1890 1540 Quoniam
1916 1492 2056 1543 initia,
2086 1493 2236 1545 inquit,
2265 1496 2306 1531 et
2335 1491 2492 1531 semina

375 1564 529 1604 veteris
557 1564 814 1617 eloquentiae
844 1565 942 1604 satis
973 1562 1276 1605 demonstrasse
1305 1564 1471 1615 videor,
1515 1564 1726 1615 docendo,
1761 1565 1907 1617 quibus
1936 1562 2097 1604 artibus
2122 1565 2275 1617 antiqui
2302 1568 2489 1605 oratores

377 1637 529 1679 institui
560 1635 791 1689 erudirique
817 1635 927 1677 soliti
955 1637 1060 1687 sint,
1090 1647 1314 1690 persequar
1341 1649 1449 1678 nunc
1479 1635 1793 1677 exercitationes
1823 1647 1978 1677 eorum.

508 1708 552 1749 C.
584 1709 653 1749 34.
685 1708 751 1749 Ita
783 1719 859 1748 nec
881 1713 1131 1760 praeceptor
1160 1708 1326 1759 deerat,
1355 1709 1529 1762 optimus
1557 1709 1714 1763 quidem
1740 1713 1780 1748 et
1808 1709 2093 1759 electissimus,
2135 1707 2203 1761 qui
2227 1706 2377 1760 faciem
2402 1705 2491 1747 eto-

373 1780 586 1832 quenta'ae‚
616 1791 697 1820 non
711 1780 923 1832 imayinem
938 1785 1201 1832 praestaret,
1229 1792 1304 1822 nec
1319 1783 1552 1823 adversarii
1571 1787 1611 1823 et
1631 1782 1802 1831 aemuli,
1825 1783 1963 1834 ferro,
1994 1793 2076 1821 non
2102 1780 2273 1821 rudibus
2292 1779 2491 1820 dimican-

373 1853 461 1890 tes:
489 1849 563 1890 sed
589 1849 837 1890 auditorium
855 1861 1015 1902 semper
1031 1850 1215 1903 plenum,
1242 1862 1402 1903 semper
1420 1864 1595 1904 novum,
1629 1864 1683 1893 ecc
1696 1850 1847 1892 invidis
1874 1855 1914 1890 et
1938 1850 2196 1904 faventibus,
2225 1854 2271 1890 ut
2298 1860 2374 1890 nec
2391 1849 2492 1889 bene

372 1933 448 1964 nec
464 1923 568 1963 ntale
582 1922 692 1963 dicta
707 1922 1075 1965 dissimularentur.
1124 1924 1222 1965 Cum
1245 1925 1286 1965 in
1307 1924 1421 1967 libris
1443 1930 1553 1967 esset
1575 1927 1621 1964 ut
1635 1934 1710 1964 nec
1729 1923 1831 1964 bene
1850 1922 1985 1972 dicta,
2015 1924 2166 1977 primus
2185 1936 2238 1965 ex
2253 1924 2488 1965 coniectura

372 1994 609 2048 Rodolphus
626 1995 823 2049 Agricola
842 1995 1038 2035 neumate
1059 1995 1235 2047 addidit,
1267 1997 1374 2049 quod
1394 2002 1532 2051 postea
1554 1998 1594 2038 in
1614 1997 1799 2038 omnibus
1830 1996 1918 2037 sere
1945 1995 2189 2037 editionibus
2218 1995 2364 2036 haesit.
2403 1994 2488 2036 Nec

371 2079 473 2109 sane
502 2068 596 2108 loco
623 2066 664 2107 id
697 2066 847 2108 cedere
878 2067 1083 2121 iuberem,
1122 2068 1201 2108 nisi
1241 2069 1282 2109 in
1314 2068 1471 2111 codicis
1497 2068 1664 2109 Fames.
1705 2068 1906 2109 lectione:
1947 2071 1993 2108 ut
2032 2077 2108 2107 nec
2144 2065 2326 2107 breviter
2352 2064 2489 2116 dicta,

372 2150 477 2192 quae
506 2149 627 2194 sensu
660 2142 799 2190 aperte
836 2142 972 2187 caret,
1008 2137 1117 2179 alind
1154 2138 1346 2191 quiddam
1375 2142 1506 2195 magis
1534 2141 1739 2183 reconditi
1767 2141 1894 2182 latere
1922 2141 2171 2194 suspicarer.
2229 2140 2273 2181 ln
2314 2144 2485 2181 mentem

368 2211 479 2251 venit
519 2210 734 2262 corrigere
776 2219 852 2248 nec
879 2208 980 2249 bene
1011 2220 1086 2250 nec
1116 2220 1262 2253 secus:
1297 2223 1377 2264 quo
1408 2213 1522 2265 ipso,
1555 2214 1591 2253 si
1620 2215 1710 2267 quis
1740 2210 1812 2254 διὰ
1846 2213 2031 2267 σημείων
2060 2212 2155 2253 olim
2183 2211 2234 2252 nc
2253 2211 2388 2252 bn'r'ic
2403 2213 2483 2263 [ω’

370 2283 564 2334 scriptum
585 2282 833 2331 meminerit,
867 2281 1113 2333 depravatae
1129 2281 1319 2323 lectionis
1349 2286 1522 2339 vestigia
1549 2285 1722 2334 ducere,
1751 2286 1846 2335 vix,
1874 2286 2043 2337 opinor,
2072 2283 2320 2324 diffitebitur.

504 2354 549 2394 C.
581 2354 649 2394 37.
683 2352 795 2405 Erqo
822 2365 904 2392 non
929 2353 1061 2393 minus
1091 2352 1245 2394 rubore
1273 2366 1393 2407 quam
1421 2357 1615 2408 praemiis
1640 2356 1979 2404 stimulabantur,
2011 2367 2062 2395 ne
2090 2354 2368 2395 clientulorum
2395 2354 2484 2395 loco

368 2426 506 2478 potius
533 2437 654 2477 quam
678 2431 950 2477 patronorum
977 2432 1294 2466 numerarentur
1303 2458 1318 2477 ,
1356 2441 1408 2467 ne
1436 2428 1615 2467 traditae
1643 2440 1672 2466 a
1699 2428 1922 2467 maioribus
1947 2426 2264 2465 necessitudines
2295 2426 2351 2464 ad
2377 2426 2483 2465 alios

369 2499 618 2548 transirent,
647 2511 699 2538 ne
728 2503 921 2551 tanquam
951 2499 1105 2539 inertes
1132 2505 1171 2539 et
1200 2512 1282 2539 non
1309 2501 1520 2553 suffecturi
1546 2501 1768 2541 honoribus
1800 2505 1874 2540 aut
1899 2513 1980 2540 non
2006 2501 2275 2551 impetrarent
2301 2503 2377 2538 aut
2403 2499 2484 2537 im-

366 2574 556 2623 petratos
581 2570 685 2610 mate
715 2574 940 2611 tuerentur.
997 2572 1147 2613 Nescio
1188 2586 1239 2615 an
1277 2585 1329 2614 ex
1360 2574 1592 2616 Latinorum
1633 2586 1708 2615 usu
1750 2573 1958 2614 scribendi
1997 2574 2057 2612 sic
2092 2573 2235 2624 reponi
2269 2575 2481 2624 oporteat:

367 2654 419 2683 ne
448 2646 641 2696 tanquam
666 2642 819 2682 inertes
848 2646 888 2682 et
915 2655 997 2683 non
1023 2643 1259 2697 suffecturi,
1289 2645 1465 2687 honores
1493 2649 1565 2686 aut
1589 2657 1672 2686 non
1699 2645 1965 2698 impetrarent
1994 2649 2073 2685 etc.
2103 2644 2298 2685 Similiter
2318 2644 2483 2686 Tacitus

368 2718 506 2759 Germ.
535 2731 569 2759 c.
608 2718 670 2759 13.
698 2726 816 2756 arma
842 2727 1001 2757 sumere
1028 2728 1109 2757 non
1135 2722 1233 2757 ante
1266 2719 1456 2770 cuiquam
1483 2718 1639 2767 moris,
1681 2729 1802 2770 quam
1841 2718 1988 2758 civitas
2027 2714 2288 2768 suffecturum
2324 2716 2488 2768 proba-

366 2790 488 2831 uerit.
522 2790 691 2833 Videtur
705 2789 949 2842 honoribus,
982 2790 1032 2833 ab
1060 2789 1223 2832 homine
1254 2792 1420 2833 curioso
1451 2792 1543 2833 voci
1561 2789 1774 2844 suffecturi
1802 2791 2143 2844 superscriptum,
2177 2801 2294 2842 mox,
2325 2793 2370 2832 ut
2396 2789 2486 2832 lieri

366 2862 496 2914 solet,
526 2864 567 2904 in
599 2868 750 2904 textum
787 2863 1024 2916 irrepsisse,
1056 2874 1153 2904 vera
1182 2863 1360 2904 lectione
1390 2868 1543 2904 temere
1572 2868 1785 2905 summota.

500 2931 601 2973 lbid.
652 2932 753 2982 Quis
777 2932 941 2985 iynorat
969 2932 1108 2972 utilius
1136 2944 1187 2972 ac
1215 2932 1355 2974 melius
1384 2946 1475 2974 esse
1506 2934 1594 2987 frui
1620 2946 1725 2986 pace
1753 2946 1873 2986 quam
1905 2932 2006 2973 bello
2032 2931 2215 2974 vexari?
2244 2931 2389 2973 Plures
2417 2936 2488 2972 ta-

363 3016 455 3045 men
483 3003 611 3046 bonos
637 3005 912 3058 proeliatores
941 3004 1045 3046 bella
1072 3017 1193 3058 quam
1217 3017 1307 3058 pax
1330 3005 1484 3059 ferunt.
1540 3005 1687 3048 Similis
1723 3005 1976 3059 eloquentiae
2015 3004 2210 3046 condicio.
2269 3003 2375 3046 Nam
2404 3016 2484 3057 quo

362 3077 529 3129 saepius
553 3077 712 3118 steterit
730 3081 925 3130 tanquam
940 3077 982 3117 in
999 3078 1111 3126 acie,
1141 3090 1297 3131 quoque
1324 3078 1464 3131 plures
1496 3083 1536 3120 et
1558 3079 1742 3119 intulerit
1766 3079 1872 3119 ictus
1903 3084 1941 3119 et
1960 3079 2180 3133 exceperit,
2212 3090 2291 3132 quo
2310 3078 2487 3119 maiores
