2952 3960
1423 322 1502 379 lo

399 463 673 505 adversarios
705 464 970 518 acrioresque
993 474 1155 519 pugnas
1183 462 1264 506 sibi
1287 464 1382 518 ipsa
1414 462 1706 517 desumpserit,
1746 466 1863 505 tanto
1895 461 2020 505 altior
2060 467 2099 505 et
2141 465 2342 509 excelsior
2380 470 2419 508 et
2445 466 2524 509 illis

393 535 611 578 nabititata
639 537 941 579 discriminibus
970 538 1014 578 in
1041 549 1117 579 ora
1145 538 1347 579 hominum
1373 538 1482 591 ayit,
1520 548 1693 590 qaorum
1731 546 1782 577 ea
1810 538 1967 577 natura
2000 540 2087 587 est,
2127 542 2173 579 ut
2199 549 2348 581 secura
2383 538 2521 591 velint.

396 609 447 651 Ut
475 622 585 652 nunc
612 609 807 666 leguntur
826 611 978 662 verba,
1008 611 1264 664 eloquentiae
1292 610 1483 651 exhibent
1507 609 1863 662 prosopopoeiam,
1893 619 1998 662 quae
2024 609 2129 652 ultra
2149 622 2299 666 prosae
2322 612 2520 655 orationis

395 681 636 725 modestiam
668 688 733 724 cst
757 688 799 724 et
827 681 949 725 Floro
989 695 1109 736 quam
1147 685 1290 725 Tacito
1325 684 1504 736 dignior.
1559 683 1646 723 Nec
1680 687 1814 721 tamen
1843 682 2056 733 scriptoris
2085 695 2135 722 ea
2167 685 2283 738 culpa
2303 689 2407 737 aest,
2444 684 2518 726 sed

397 752 628 805 editorum,
664 754 733 808 qui
763 767 814 796 ex
842 754 1009 810 ingenio
1036 766 1112 797 suo
1141 759 1182 796 et
1207 754 1302 807 ipsa
1331 761 1373 797 et
1397 753 1614 796 nobilitata
1642 758 1940 806 reposuerunt,
1986 765 2078 793 cum
2105 754 2195 805 ipse
2226 756 2319 796 cod.
2350 756 2518 797 Perizo-

398 823 534 877 nianl,
574 824 815 867 nobilitatus
843 826 1081 868 Farnesiani
1123 826 1203 868 fide
1232 827 1421 869 nitantur.
1480 825 1690 870 Eiusmodi
1720 823 1916 866 videlicet
1945 822 2129 867 remedio
2159 826 2320 868 cavisse
2348 827 2429 869 sibi
2453 827 2521 869 vi-

393 896 621 949 debantur,
651 911 729 950 ne,
760 910 840 953 quo
866 903 1078 952 utrumque
1100 898 1257 941 referre
1278 898 1446 949 liceret,
1474 896 1650 939 deesset.
1693 895 1783 949 Ego
1812 907 1914 936 vero
1943 894 2204 937 librariorum
2235 898 2421 940 iniuriam
2451 898 2521 938 in-

397 969 502 1010 iuria
533 970 748 1023 scriptoris
772 958 935 1024 'corrigi
965 970 1104 1012 nolim.
1163 970 1268 1019 Quid
1299 970 1455 1025 igitur?
1491 969 1613 1011 Paulo
1645 975 1739 1011 ante
1766 967 2028 1011 scribendum
2057 974 2144 1012 est:
2177 969 2283 1012 Nam
2313 983 2392 1026 quo
2420 981 2519 1011 sae-

393 1038 490 1092 pias
514 1040 675 1081 steterit
701 1044 848 1082 orator
876 1045 1072 1094 tanquam
1100 1040 1144 1082 in
1172 1041 1274 1082 acie.
1333 1042 1390 1083 lta
1421 1043 1659 1096 interposita
1689 1042 1871 1082 oratoris
1900 1031 2130 1095 mentione,
2159 1043 2240 1085 hoc
2269 1045 2389 1087 simul
2417 1057 2518 1098 pro-

396 1112 556 1165 ficitur,
585 1118 631 1154 ut
658 1114 779 1154 etiam
799 1112 1073 1166 proeliatores
1101 1114 1179 1156 iam
1209 1113 1399 1166 habeant,
1430 1127 1603 1168 quocum
1636 1117 1738 1156 iusto
1768 1118 2077 1168 componantur.
2136 1116 2322 1170 Denique
2350 1118 2389 1158 in
2418 1129 2519 1158 ver-

396 1187 460 1228 bis
502 1189 745 1241 postremis,
791 1200 896 1242 quae
938 1193 979 1230 et
1021 1190 1107 1241 ipsa
1153 1187 1313 1238 mutila,
1356 1200 1434 1228 nec
1473 1188 1695 1242 integritati
1734 1198 1757 1227 a
1800 1197 2003 1240 quoquam
2033 1189 2219 1229 restituta
2259 1194 2375 1240 sunt,
2420 1188 2517 1230 mihi

397 1260 614 1315 legendum
633 1260 814 1302 videtur:
846 1272 1017 1313 quoram
1035 1272 1085 1301 ea
1099 1265 1254 1301 natura
1270 1265 1355 1310 est,
1382 1265 1426 1300 at
1448 1259 1670 1312 ancipitia,
1699 1270 1782 1299 non
1804 1268 1954 1299 secura
1978 1258 2114 1299 velint.
2147 1260 2223 1311 lta,
2257 1261 2406 1313 inquit,
2437 1259 2519 1301 ho-

398 1332 528 1374 mines
556 1337 700 1374 natura
728 1333 952 1386 comparati
979 1339 1096 1385 sunt,
1128 1338 1173 1374 ut
1191 1334 1480 1375 certaminibus
1508 1333 1621 1374 aleae
1646 1332 1778 1384 plenis
1808 1331 2078 1384 delectentur,
2108 1334 2283 1385 quictem
2311 1345 2360 1373 ac
2389 1344 2517 1373 secu-

396 1404 557 1444 ritatem
587 1403 818 1445 fastidiant.
873 1403 1088 1455 Ancipitia
1115 1416 1189 1458 pro
1220 1405 1465 1457 periculosis
1494 1410 1556 1446 est
1587 1406 1706 1446 etiam
1738 1403 1844 1458 apud
1873 1403 2056 1444 Tacitum
2085 1404 2180 1446 loco
2208 1416 2290 1446 non
2319 1405 2516 1457 absimili,

398 1473 501 1517 nist.
535 1474 583 1516 ΙΙ.
610 1475 680 1519 86.
711 1475 796 1517 Pro
822 1475 946 1517 certis
974 1480 1014 1516 et
1042 1475 1135 1516 olim
1161 1477 1296 1529 partis
1324 1488 1458 1527 nova,
1487 1478 1698 1530 ambigua,
1729 1477 1930 1529 ancipitia
1957 1477 2144 1518 malebat.
