2952 3960
1423 305 1469 361 8·

391 441 771 497 frequentante-culi
795 440 919 484 huius
949 441 1083 494 ylario
1113 445 1155 483 et
1185 440 1442 486 οωοιοηαίο.
1498 440 1678 484 Halmius
1727 442 1806 484 talc
1845 441 1998 496 aliquid
2040 443 2274 496 exspectari
2315 443 2394 485 ait:
2437 444 2531 497 fre-

391 526 543 567 quens,
570 513 680 555 sicut
708 512 850 564 nih,
878 513 1157 566 plaudentium
1186 514 1277 563 (vel
1294 512 1540 566 fautorum]
1570 512 1829 555 exclamatio.
1895 514 2052 564 Quibus
2083 527 2108 555 e
2140 515 2390 556 coniecturis
2419 517 2529 570 quo-

392 587 501 628 niam
550 586 661 628 nulla
704 598 810 628 mem
842 586 1007 638 quidem
1049 586 1201 629 iudicio
1244 586 1296 626 ad
1334 585 1557 626 verborum
1602 586 1877 639 integritatem
1920 587 2133 637 quicquam
2169 587 2291 635 facit,
2332 589 2523 639 tentabo,

395 659 430 699 si
462 656 560 711 quid
591 656 736 698 melius
764 657 941 709 possim.
998 656 1097 698 Puto
1138 657 1263 711 igitur
1297 655 1540 710 legendum:
1579 654 1799 708 frequens,
1833 660 1878 696 ut
1917 654 1978 696 sic
2017 654 2214 706 dixerim,
2258 658 2444 699 clausula
2487 662 2529 699 et

393 727 652 771 escle-ulio.
713 728 756 769 ln
782 740 866 781 quo
893 739 949 768 ne
973 727 1070 780 quid
1100 732 1258 769 temere
1289 731 1468 768 mutasse
1497 724 1663 777 videar,
1703 729 1798 766 ante
1830 727 1965 767 omnia
1995 727 2213 769 tenendum
2246 734 2332 782 est,
2376 731 2418 772 in
2447 743 2525 773 co-

394 803 488 843 dice
505 802 755 843 {farnesiano
784 812 867 842 non
894 803 990 848 cla,
1021 805 1067 841 ut
1094 800 1205 854 apud
1228 799 1456 841 Bekkerum
1485 803 1571 849 est,
1611 798 1717 854 legi,
1750 798 1825 839 sed
1855 799 2006 841 diserte
2038 798 2190 853 cyrillo
2219 805 2395 843 testante
2423 790 2522 854 σ’ἲὸ,

393 872 503 926 quod
531 872 813 925 compendIum
842 876 907 912 est
937 872 1165 924 scripturae
1195 881 1269 923 pro
1298 868 1505 912 clausula.
1535 871 1624 911 vid.
1646 870 1844 911 walther.
1872 870 1899 911 l.
1929 870 1957 911 1.
1983 882 2023 925 p.
2054 872 2130 924 53,
2159 870 2201 914 4.
2260 874 2417 916 Deinde
2446 878 2524 927 pro

394 945 499 985 sicut
517 944 764 998 syllabarum
785 944 1102 998 transpositione
1130 946 1177 982 ut
1201 943 1262 982 sic
1288 943 1473 992 correxi3
1502 941 1565 982 lais
1591 948 1750 994 autem,
1781 945 1871 986 sive
1888 944 1996 997 quod
2015 945 2056 985 in
2073 945 2167 986 cod.
2185 946 2352 989 FarneS.
2371 946 2521 1002 legitur

391 1016 468 1066 bis,
499 1029 553 1057 ex
582 1016 686 1057 male
714 1015 924 1058 intellecto
951 1015 1025 1057 dtis
1053 1020 1184 1057 ortum
1204 1021 1293 1056 cst.
1353 1015 1409 1056 ltu
1439 1016 1545 1056 enim
1578 1016 1672 1056 olim
1710 1026 1785 1069 pro
1824 1015 1999 1056 dixerim
2036 1016 2102 1058 hic
2145 1019 2337 1071 scriptum
2379 1020 2519 1071 fuisse,

395 1100 446 1129 co
478 1088 610 1142 magis
639 1086 824 1127 adducor
848 1091 891 1127 ut
918 1086 1108 1137 credam,
1138 1085 1249 1139 quod
1280 1086 1452 1126 eandem
1484 1085 1630 1138 siglam
1653 1097 1734 1125 non
1765 1085 1896 1126 solum
1928 1097 2003 1139 pro
2032 1086 2121 1127 aize·
2151 1091 2189 1127 et
2218 1086 2347 1140 dixit,
2381 1100 2520 1131 verum

394 1161 514 1200 etiam
544 1170 619 1212 pro
650 1157 845 1198 ἀίωενιιηε
873 1159 914 1198 in
942 1169 1019 1198 usu
1048 1158 1201 1209 luisse,
1232 1169 1285 1198 ex
1312 1159 1634 1199 membranarum
1665 1160 1909 1200 tractatione
1939 1159 2079 1202 didici.
2125 1160 2208 1202 lam
2237 1172 2336 1203 vero
2361 1160 2518 1203 sormu-

392 1231 470 1271 lam
500 1235 547 1269 ut
570 1230 631 1269 sic
657 1229 856 1278 dixu-tn,
885 1241 963 1282 qua
984 1227 1149 1269 Tacitus
1180 1232 1220 1268 in
1252 1232 1339 1282 ipso
1357 1231 1560 1285 Dialogo,
1591 1236 1634 1270 ut
1663 1232 1765 1271 alios
1795 1231 1910 1272 locos
1940 1233 2119 1283 mittam,
2149 1233 2212 1273 bis
2238 1245 2275 1273 c.
2298 1232 2366 1275 34.
2386 1238 2426 1274 et
2448 1231 2518 1275 40.

393 1314 492 1342 usus
522 1308 606 1352 est,
650 1314 772 1342 nemo
801 1314 884 1342 non
913 1302 1047 1351 videt,
1091 1302 1347 1341 insolentiori
1380 1303 1496 1341 vocis
1531 1301 1716 1340 clausula
1743 1303 1834 1341 usui
1864 1302 2085 1342 molliendo
2116 1304 2289 1344 servire.
2349 1304 2514 1355 Proprie

394 1374 500 1414 enim
521 1372 706 1413 clausula
725 1373 959 1425 dicebatur,
992 1387 1082 1416 cum
1103 1373 1346 1425 histriones,
1375 1380 1539 1426 peracta
1571 1373 1726 1424 subula,
1755 1389 1778 1415 a
1808 1376 2136 1426 spectatoribus,
2165 1380 2209 1415 ut
2238 1376 2317 1416 sibi
2343 1376 2519 1428 plaude-

393 1451 508 1498 rent,
539 1446 813 1499 postulabunt.
870 1446 960 1488 vid.
990 1446 1222 1488 Casnubon.
1253 1446 1304 1488 ad
1343 1446 1510 1488 Sueten.
1549 1446 1656 1500 Aug.
1698 1446 1766 1488 99.
1824 1446 1913 1488 Hoc
1950 1446 2044 1488 loco
2086 1447 2137 1488 ad
2178 1448 2522 1489 exclamationum

393 1530 524 1572 genus
554 1518 820 1570 transfertur,
852 1530 957 1572 quo,
986 1524 1031 1560 ut
1048 1518 1289 1569 histriones,
1320 1519 1376 1560 ita
1406 1523 1594 1560 oratores
1625 1523 1719 1560 tunc
1738 1518 1957 1571 temporis,
1990 1519 2151 1571 quoties
2167 1519 2439 1573 placuissent,
2469 1521 2521 1561 ab

394 1591 647 1634 auditoribus
679 1590 818 1633 efferri
842 1592 1053 1634 solebant.
1100 1591 1178 1633 Vix
1205 1603 1306 1645 opus
1336 1595 1420 1643 est,
1450 1594 1494 1632 ut
1521 1588 1690 1642 addam,
1722 1589 1907 1631 clausula
1934 1593 1973 1631 et
1998 1589 2295 1631 exclamatione
2320 1592 2380 1633 sic
2408 1593 2518 1633 iuxta

394 1665 561 1717 positis,
604 1663 944 1706 exclamationem
974 1663 1211 1720 designari,
1255 1675 1378 1717 quae,
1420 1676 1510 1705 cum
1540 1663 1592 1704 ad
1622 1662 1742 1704 tinem
1770 1668 1936 1705 ventum
1966 1668 2050 1716 est,
2091 1662 2269 1705 tollatur.
2326 1663 2519 1718 Exempla

392 1735 511 1778 huius
530 1736 723 1789 loquendi
748 1736 927 1788 formae,
947 1749 1063 1789 quam
1090 1737 1255 1778 Tacitus
1276 1737 1458 1789 impense
1477 1739 1606 1785 amat,
1627 1735 1738 1777 dedit
1755 1736 1954 1778 Boettich.
1969 1734 2067 1777 Lex.
2086 1736 2184 1777 Tac.
2198 1747 2238 1789 p.
2253 1735 2412 1777 Lxxx.
2429 1747 2518 1789 sqq.

527 1807 573 1849 C.
592 1807 660 1849 27.
693 1807 833 1861 Neque
858 1808 963 1848 enim
991 1808 1070 1848 ltoc
1097 1807 1229 1860 colligi
1254 1806 1555 1856 desideramus,
1582 1805 1820 1847 disertiores
1845 1818 1936 1847 esse
1961 1807 2174 1860 antiquos,
2204 1805 2313 1860 quod
2331 1806 2446 1858 apua
2459 1818 2525 1847 me

396 1878 554 1931 quiden
577 1879 622 1920 ἐπ
647 1879 835 1933 confesse
861 1884 940 1930 est,
967 1879 1044 1921 sed
1071 1890 1222 1920 causas
1237 1878 1509 1933 exquirimus,
1539 1889 1643 1932 quas
1658 1883 1697 1918 te
1710 1878 1872 1918 solitum
1888 1883 2074 1919 tractare
2088 1878 2215 1932 paulo
2232 1882 2333 1918 aute
2354 1877 2522 1930 admisti,

394 1951 520 2005 plane
545 1953 685 1994 utilior
709 1957 751 1993 et
777 1952 1032 2006 eloquetuiae
1053 1956 1280 2006 temporum
1304 1956 1538 1993 nostrorum
1566 1963 1649 1992 non
1676 1952 1836 2004 iratus,
1866 1956 2086 2004 antequam
2113 1955 2154 1991 le
2171 1952 2286 2004 Aper
2303 1950 2524 2005 offenderet

400 2023 581 2065 adores
611 2028 705 2064 tuos
730 2023 993 2065 lacessendo.
1050 2025 1177 2066 Deest
1203 2026 1245 2065 in
1274 2024 1395 2065 codd.
1424 2023 1587 2073 dimisti,
1623 2024 1731 2077 quod
1756 2024 1916 2077 Lipsius
1942 2024 2162 2077 supplevit.
2219 2023 2368 2065 Verum
2404 2024 2526 2065 latius

397 2098 602 2151 serpsisse
633 2096 751 2138 ulcus
783 2098 975 2152 suspicor
1005 2109 1085 2138 nec
1125 2097 1205 2139 hoc
1234 2110 1356 2138 unum
1388 2097 1510 2139 modo
1539 2097 1708 2137 verbum
1737 2095 1947 2138 hausisse.
2003 2095 2158 2150 Nempe
2195 2096 2304 2149 quod
2342 2097 2525 2149 sequitur

394 2170 520 2223 plane
545 2169 682 2210 mitior
710 2175 814 2221 etc.,
857 2171 977 2210 nimis
1010 2169 1119 2222 hiat,
1152 2181 1272 2223 quam
1301 2175 1342 2210 ut
1372 2171 1413 2210 in
1442 2170 1617 2224 Dialogo
1650 2168 1751 2210 ferri
1777 2169 1932 2222 possit.
1988 2169 2113 2220 Vide,
2153 2181 2247 2211 num
2287 2170 2520 2223 scripserit:

393 2243 519 2295 paulo
548 2246 646 2281 aule
672 2241 839 2293 dixisti,
881 2252 972 2280 cum
1014 2253 1125 2281 esses
1150 2242 1278 2293 plane
1305 2242 1452 2282 mitior.
1511 2243 1684 2284 Gravius
1715 2242 1921 2292 laborant,
1955 2254 2059 2294 quac
2091 2241 2155 2282 his
2196 2242 2438 2283 cohaerent:
2480 2245 2521 2282 et

400 2315 652 2368 eloquentiae
682 2319 905 2367 temporum
943 2318 1177 2355 nostrorum
1207 2326 1291 2355 nou
1332 2314 1479 2355 iratus.
1540 2315 1583 2356 ln
1622 2313 1742 2358 codd.
1782 2313 1950 2355 Fames.
1992 2318 2033 2355 et
2067 2314 2253 2355 Perizon.
2295 2320 2356 2355 est
2393 2327 2524 2368 aeque

395 2388 570 2429 vitiose:
611 2387 736 2438 plane
764 2386 927 2426 miliare
955 2385 1212 2437 aeloquenlia
1241 2389 1280 2425 el
1309 2390 1530 2438 temporum
1560 2390 1795 2426 nostrorum
1829 2385 2005 2425 nair-aens
2037 2386 2198 2434 iratus,
2235 2393 2518 2440 praeterquam

395 2457 505 2512 quod
535 2457 627 2500 cod.
656 2458 854 2500 Perizon.
883 2457 1021 2499 mitior·
1051 2457 1282 2510 eloquentia
1310 2458 1454 2499 hahet.
1512 2457 1626 2498 Unde
1656 2456 1967 2498 Doederleinius
1995 2463 2116 2508 (nam
2147 2457 2318 2499 aliorum
2350 2465 2521 2499 conatus

394 2531 561 2586 longum
592 2534 656 2572 est
682 2530 862 2580 reterre)
892 2528 973 2572 hoc
1004 2530 1252 2584 exsculpsite
1279 2529 1401 2582 plane
1427 2527 1567 2570 mitior
1587 2530 1627 2568 ct
1647 2526 1899 2579 eloquentiae
1922 2531 2040 2581 temp.
2058 2532 2188 2569 nostr.
2208 2527 2342 2568 minus
2367 2526 2520 2579 iratus,

397 2603 519 2657 idque
546 2601 720 2644 Haasius
737 2632 750 2654 ,
776 2605 1000 2655 praeeunte
1029 2600 1215 2654 Halmio,
1242 2603 1414 2655 recepit.
1471 2599 1561 2656 Ego
1590 2605 1805 2654 corruptae
1833 2599 2021 2642 lectionis
2048 2602 2223 2656 vestigia
2254 2600 2349 2642 mihi
2376 2601 2520 2643 videor

395 2674 578 2728 pressius
610 2675 727 2726 sequi
758 2673 961 2727 legendo:
990 2673 1116 2727 plane
1143 2673 1281 2714 milior
1310 2677 1348 2713 et
1377 2672 1629 2725 eloquentiae
1658 2677 1883 2725 temporum
1910 2677 2145 2713 uoslrorum
2174 2685 2257 2713 uon
2280 2672 2342 2713 ita
2368 2673 2516 2714 iratus.

534 2744 579 2786 C.
608 2744 677 2786 31.
720 2744 784 2785 De
813 2744 960 2799 quibus
988 2746 1155 2799 copiose
1182 2748 1223 2785 et
1250 2745 1369 2786 carie
1398 2749 1438 2786 et
1468 2750 1615 2786 ornate
1645 2757 1761 2786 nemo
1792 2744 1928 2785 dicere
1950 2748 2100 2798 potest,
2130 2744 2211 2784 nisi
2239 2744 2308 2799 qui
2337 2746 2523 2798 coqnovit

396 2822 590 2857 naturam
626 2818 844 2858 humanam
873 2823 913 2858 ee
953 2819 1035 2858 cim
1065 2818 1264 2858 cit-tutum
1300 2819 1628 2871 pravitatemque
1655 2818 1848 2858 vitiorum
1877 2822 1917 2857 et
1945 2818 2188 2858 intellectum
2217 2829 2382 2870 eorum,
2418 2829 2525 2871 quae

394 2902 523 2942 neque
553 2889 597 2929 in
631 2889 855 2930 virtutibus
881 2902 1012 2944 neque
1047 2891 1092 2930 in
1126 2891 1238 2931 viliis
1275 2894 1557 2931 numerantur.
1619 2890 1797 2931 Offendit
1825 2892 1865 2931 in
1894 2889 1958 2931 his
1988 2903 2081 2932 voc.
2108 2890 2375 2939 intellectum,
2413 2890 2521 2943 quod

395 2962 505 3002 unde
534 2961 733 3015 pendeat,
764 2962 914 3004 frustra
952 2965 1133 3016 quaeris.
1162 2962 1289 3004 Nemo
1323 2964 1428 3004 enim
1457 2972 1701 3014 coquoscere
1727 2961 1969 3001 {retellectum
1995 2962 2121 3004 latine
2151 2974 2325 3015 unquam
2354 2961 2519 3003 dixerit.

392 3032 597 3075 Emendo:
628 3038 667 3073 et
695 3033 937 3074 intellectum
965 3033 1088 3074 habet
1114 3045 1276 3075 eorum,
