2952 3960
422 1006 538 1071 Ante
579 1029 732 1084 aliquot
771 1043 901 1074 annos
944 1044 966 1073 a
1004 1030 1150 1074 Car-olo
1189 1027 1409 1073 Bartholdo
1445 1028 1707 1080 Heinrichio,
1751 1029 1985 1082 priusquam
2027 1028 2181 1070 infelici
2223 1040 2298 1070 suo
2339 1028 2422 1070 sato

301 1103 602 1159 Regimontium
637 1102 875 1146 Prussorum
911 1103 1007 1145 hinc
1049 1102 1307 1154 discederet,
1348 1101 1456 1144 dono
1498 1113 1738 1155 acceperam
1778 1104 1915 1144 varias
1960 1103 2000 1144 in
2041 1103 2170 1144 Taciti
2209 1102 2423 1156 Dialogum

302 1173 503 1215 lectiones
523 1186 547 1214 e
568 1174 715 1214 codice
730 1174 979 1216 Farnesiano
1005 1178 1245 1227 excerptas,
1275 1185 1399 1225 quas,
1422 1179 1536 1227 patre
1561 1179 1745 1225 mortuo,
1766 1176 1806 1215 in
1825 1176 1990 1215 scriniis
2014 1176 2102 1215 eius
2127 1175 2417 1216 delitescentes

302 1248 527 1287 invenerat.
585 1244 664 1287 Eas
695 1252 840 1287 nactus
869 1251 958 1288 erat
986 1244 1273 1297 Heinrichius,
1302 1248 1492 1298 quantum
1524 1245 1732 1286 coniicere
1752 1245 1873 1298 licet,
1903 1245 1954 1287 Β.
1976 1246 2023 1289 G.
2047 1244 2260 1288 Niebuhrii
2291 1245 2422 1287 bene-

303 1317 424 1369 ficio,
451 1319 565 1358 cuius
594 1317 790 1374 singulari
819 1318 1042 1359 industriae
1071 1318 1295 1373 contigisse
1317 1307 1501 1367 constat,
1530 1322 1573 1358 ut
1601 1316 1770 1369 librum,
1800 1318 1897 1359 olim
1918 1317 2070 1360 Romae
2100 1318 2142 1359 in
2166 1317 2418 1360 bibliotheca

304 1389 551 1430 Farnesiana
570 1394 820 1431 asservatum
833 1421 845 1441 ,
866 1391 972 1431 inter
989 1390 1155 1431 codices
1167 1388 1459 1443 Neapolitanae
1473 1388 1744 1432 bibliothecae
1757 1390 1911 1446 Regiae
1925 1390 2182 1432 Borbonicae
2197 1391 2418 1443 reperiret.

302 1460 451 1502 Verum
479 1473 568 1502 cum
584 1460 832 1502 Niebuhrius
859 1474 940 1503 non
969 1460 1139 1515 amplius
1169 1473 1249 1502 uno
1265 1459 1396 1514 Aprili
1423 1471 1561 1501 mense
1587 1473 1624 1501 a.
1659 1460 1777 1502 1823.
1803 1460 1972 1515 Neapoli
1999 1461 2190 1515 degeret,
2221 1462 2290 1502 vix
2320 1462 2419 1501 satis

307 1533 346 1573 ci
375 1534 447 1573 otii
476 1534 526 1573 ad
558 1533 732 1574 Charisii
768 1535 908 1574 Artem
938 1534 1277 1583 Grammaticam‚
1318 1534 1431 1573 cuius
1469 1533 1691 1573 editionem
1732 1537 1814 1573 tum
1853 1533 2148 1584 meditabatur,
2185 1545 2277 1573 cum
2313 1534 2423 1574 anti-

303 1607 496 1657 quissimo
526 1606 708 1646 eiusdem
740 1606 1009 1646 bibliothecae
1036 1606 1112 1646 Ms.
1134 1605 1423 1646 conferendam
1462 1605 1713 1657 suppetebat.
1770 1604 1939 1645 Tantum
1978 1606 2145 1656 aberat,
2189 1611 2234 1645 ut
2262 1606 2420 1645 codicis

306 1677 415 1719 illius
445 1678 707 1730 Farnesiani,
750 1690 828 1731 quo
857 1680 936 1719 iam
963 1678 1119 1732 pridem
1149 1680 1282 1720 Iustus
1310 1677 1471 1730 Lipsius
1497 1675 1649 1716 Romae
1679 1677 1854 1717 maximo
1883 1675 2011 1716 libelli
2042 1677 2152 1717 bono
2180 1688 2278 1716 usus
2308 1681 2423 1728 erat,

307 1751 452 1791 iterum
481 1751 716 1792 excutiendi
746 1763 848 1791 onus
880 1751 959 1792 sibi
988 1752 1234 1807 iniungeret.
1289 1750 1381 1803 lpse
1412 1753 1524 1789 certe
1553 1750 1595 1789 in
1623 1748 1791 1800 litteris,
1820 1761 1920 1803 quas
1946 1748 2116 1802 Neapoli
2146 1749 2260 1790 datas
2292 1749 2419 1791 Com-

303 1823 492 1862 mentarii
521 1822 573 1863 de
602 1823 692 1863 Vita
720 1824 957 1864 immortalis
985 1825 1062 1864 viri
1090 1823 1244 1864 Votlt.
1273 1834 1312 1875 p.
1333 1824 1440 1865 508.
1470 1827 1510 1863 et
1538 1823 1632 1864 510.
1667 1824 1894 1875 continent,
1924 1822 1975 1863 de
2000 1834 2124 1875 opera
2155 1825 2196 1864 in
2226 1823 2415 1865 charisio

304 1893 480 1935 feliciter
506 1907 528 1934 a
561 1906 608 1934 se
636 1896 766 1947 posita
796 1895 860 1935 bis
891 1896 1093 1948 loquitur3
1137 1895 1267 1936 Taciti
1304 1907 1356 1935 ne
1394 1894 1524 1935 verbo
1563 1894 1724 1947 quidem
1764 1905 1933 1947 usquam
1970 1893 2013 1934 lit
2051 1895 2217 1935 mentio.
2275 1895 2415 1947 ltaque

306 1963 454 2007 dudum
485 1966 748 2020 suspicabar,
785 1965 1051 2009 Niebuhr-ium
1080 1967 1173 2009 libri
1203 1967 1438 2010 Farnesiani
1476 1966 1761 2018 collationem,
1803 1967 1854 2008 ab
1887 1966 2129 2009 {ruinanuele
2161 1965 2345 2009 Bekkero
2377 1968 2419 2009 in

306 2035 440 2078 lucem
459 2036 680 2091 prolatam,
703 2040 792 2080 ‘non
817 2050 892 2080 sua
921 2038 999 2080 sibi
1019 2051 1137 2080 manu
1165 2050 1358 2092 parasse,
1386 2050 1502 2090 cum,
1533 2049 1659 2092 ecce,
1688 2037 1911 2081 schedulae
1940 2038 2032 2080 illae
2061 2039 2149 2081 eius
2181 2039 2306 2092 ipsius
2341 2036 2419 2081 viri

307 2107 439 2159 docti,
468 2109 535 2161 qui
560 2107 784 2150 Niebuhrio
812 2122 900 2151 mea
922 2110 1082 2163 quidem
1112 2110 1304 2163 opinione
1330 2122 1496 2163 operam
1520 2123 1636 2167 suam
1664 2110 2019 2162 commodaverat,
2050 2123 2198 2152 nomen
2224 2110 2419 2163 suppedi-

305 2182 462 2221 tarent.
510 2178 553 2221 ln
580 2184 763 2223 extrema
794 2181 900 2222 enim
930 2178 1170 2233 collatione,
1203 2194 1307 2235 quae
1332 2178 1495 2224 doctam
1526 2181 1701 2225 hominis
1731 2180 1818 2225 Itali
1851 2194 2010 2223 manum
2039 2180 2187 2233 refert,
2216 2180 2320 2224 haec
2350 2179 2416 2222 le-

307 2251 417 2307 gitur
458 2251 725 2306 subscriptio:
777 2251 1024 2306 Confer-ebat
1051 2253 1222 2307 Neapoli
1257 2253 1451 2296 Saloatm
1481 2253 1657 2309 Cyrinus
1688 2254 1752 2297 lx
1779 2253 1959 2296 Kalend:
1990 2253 2103 2295 nati.
2135 2256 2295 2295 Annum
2338 2266 2420 2296 non

309 2324 486 2377 addidit,
517 2327 604 2365 sive
633 2326 806 2376 oblitus,
842 2328 930 2367 sive
959 2326 1068 2380 quod
1094 2327 1316 2369 Niebuhrio
1347 2327 1563 2369 schedulas
1594 2340 1733 2369 coram
1763 2327 1984 2368 traditurus
2014 2326 2113 2367 nihil
2145 2327 2316 2367 attinere
2346 2339 2418 2367 re-

308 2397 440 2437 batur.
498 2397 649 2450 Nempe
677 2399 744 2451 qui
773 2398 1009 2454 Catalogum
1049 2399 1238 2440 codicum
1267 2399 1516 2442 Graecorum
1545 2399 1642 2440 Mss.
1674 2399 1830 2454 Regiae
1861 2398 2139 2440 bibliothecae·
2167 2397 2420 2439 Borbonicae

305 2468 472 2523 Neapoli
492 2482 528 2511 a.
557 2470 675 2513 1826.
708 2469 854 2523 edidit,
883 2470 1071 2513 Salvator
1092 2469 1263 2526 Cyrillus
1295 2471 1439 2523 (alium
1470 2471 1575 2511 enim
1606 2470 1731 2511 fuisse
1761 2482 1880 2512 nemo
1908 2468 2005 2510 mihi
2036 2469 2305 2523 persuaserit)
2340 2469 2418 2510 iam

306 2542 402 2582 inde
433 2543 484 2583 ab
510 2554 618 2584 anno
651 2544 770 2586 1822.
803 2543 983 2584 eiusdem
1011 2543 1283 2585 bibliothecae
1312 2533 1546 2598 praefectus
1577 2543 1783 2583 secundus
1818 2548 1931 2594 erat,
1976 2548 2019 2582 ut
2057 2554 2109 2581 ex
2137 2542 2243 2583 Frid.
2274 2541 2418 2582 Blamii

305 2613 434 2653 nostri
464 2613 553 2653 ltin.
582 2614 669 2654 ltal.
700 2607 814 2654 Toin.
843 2613 907 2654 lV.
935 2625 973 2667 p.
993 2613 1061 2655 29.
1081 2616 1274 2669 cognovi.
1331 2615 1393 2655 Ex
1420 2615 1537 2656 huius
1568 2616 1693 2670 igitur
1723 2615 1862 2668 Cyrilli
1893 2614 2133 2665 collatione,
2163 2625 2268 2666 quae
2296 2614 2420 2667 quin-

305 2694 384 2736 que
402 2683 509 2724 soliis
533 2689 724 2725 constans
735 2707 754 2736 ,-
774 2697 798 2724 e
823 2686 996 2740 regione
1023 2690 1156 2725 textus
1187 2686 1254 2726 ed.
1280 2687 1517 2741 Bipontinae
1537 2688 1600 2737 11.‚
1632 2689 1755 2726 sectis
1785 2687 1969 2741 paginis,
2004 2686 2160 2725 codicis
2176 2686 2416 2726 Farnesiani

306 2754 586 2807 discrepantes
615 2754 815 2795 lectiones
843 2755 1031 2807 exbibet,
1061 2755 1375 2798 Niebuhrianam
1405 2769 1520 2811 quam
1550 2765 1700 2801 vocant
1729 2759 1984 2801 collationem
2013 2764 2201 2811 tanquam
2233 2771 2286 2799 ex
2305 2759 2420 2800 sonte

305 2825 466 2867 ductam
497 2826 689 2868 arbitror.
744 2825 818 2868 Est
847 2828 953 2868 enim
987 2828 1093 2869 inter
1117 2831 1353 2883 utramque,
1385 2841 1581 2873 summam
1612 2832 1647 2872 si
1678 2832 1873 2884 respicis,
1907 2832 2031 2872 mirus
2063 2831 2284 2872 lectionum
2315 2844 2421 2874 eon-

304 2909 469 2949 scnsus3
500 2898 579 2941 hoc
608 2911 690 2941 uno
713 2898 924 2952 differunt,
958 2901 1066 2954 quod
1087 2901 1304 2956 cyrilliana
1336 2903 1460 2945 multo
1490 2904 1618 2946 altera
1647 2902 1890 2955 locupletior
1918 2907 1991 2944 est.
2053 2903 2096 2944 ld
2129 2915 2181 2944 ne
2211 2905 2276 2946 cui
2304 2904 2420 2946 frau-

304 2970 396 3011 dem
426 2970 548 3011 saciat
573 2975 614 3012 et
642 2972 904 3013 coniecturae
933 2985 1049 3013 meae
1078 2972 1196 3014 fidem
1229 2974 1412 3015 minuere
1444 2973 1649 3025 videatur,
1664 2985 1760 3036 pon
1792 2973 2055 3015 dissimulabo
2084 2976 2219 3016 vereri
2246 2988 2333 3028 me,
2369 2988 2422 3018 ne

305 3042 516 3085 Bekkerus
546 3043 761 3087 collatione
793 3045 956 3100 Cyrilli‚
997 3058 1113 3099 quam
1145 3061 1167 3088 a
1198 3046 1421 3089 Niebuhrio
1462 3048 1662 3101 integram
1702 3047 1845 3099 procul
1876 3046 2000 3087 dubio
2041 3052 2081 3088 et
2120 3053 2314 3090 accurate
2345 3048 2421 3090 de-

1862 3129 1883 3169 1
