2952 3960
1399 322 1439 376 7

350 462 516 505 suntin
540 460 666 504 urbe.
713 459 949 515 Corruptela
977 459 1094 502 fluxit
1123 472 1176 501 ex
1215 470 1292 512 eo,
1339 457 1448 512 quod
1488 459 1705 512 antiquitus
1726 465 1842 501 ·sunt
1882 461 2068 504 duarum
2094 462 2319 505 litterarum
2354 476 2476 505 com-

353 532 502 588 pendia
531 530 572 573 31
608 516 736 573 scribi
764 529 936 573 solebat.
981 528 1076 573 vid.
1104 528 1306 572 Waltheri
1333 528 1433 572 Lex.
1464 530 1635 584 Diplom.
1669 543 1709 585 p.
1748 531 1853 584 383,
1889 533 1931 576 3.
1959 533 2149 576 Ceterum
2190 534 2353 577 Tacitus
2382 536 2473 589 ipse

353 619 391 647 c.
415 607 480 648 12.
508 614 586 644 nee
612 603 718 643 ullus
744 602 875 644 Asinii
901 605 975 642 aut
1011 601 1213 643 Messalae
1241 600 1342 641 liber
1370 605 1455 642 tam
1480 601 1650 644 illustris
1677 605 1765 653 est,
1791 614 1913 656 quas·
1933 603 2080 646 ledea
2093 604 2232 648 Ovidii
2254 610 2329 646 aut
2356 606 2469 648 Varii

354 677 558 731 Thyestes.
1905 709 1910 713 ,

457 786 459 788 .
488 748 534 790 C.
554 749 614 790 10.
647 747 732 789 Nec
759 750 985 788 excusatur
1012 745 1168 799 offensa
1197 745 1490 786 necessitudine
1517 745 1643 799 officii
1669 751 1745 787 aut
1770 746 1853 800 fide
1878 746 2164 789 advocatiam
2181 753 2255 788 aut
2271 748 2470 802 fortuitae

351 822 392 860 et
425 819 589 861 subitae
614 819 801 860 dictionis
826 819 1006 871 impetu:
1040 816 1260 858 meditatus
1291 816 1443 858 videris
1479 820 1554 857 aut
1583 816 1751 868 elqisse
1787 831 2008 870 personans
2040 820 2260 860 notabilem
2296 825 2336 860 et
2374 831 2467 860 euni

351 891 599 933 auctoritate
627 891 839 934 dicturam.
898 890 1014 938 Quod
1044 891 1169 944 vulgo
1204 894 1298 931 ante
1326 888 1492 940 elegisse
1522 888 1795 943 legitimam,
1834 902 1925 931 cum
1955 891 2104 932 frustra
2129 891 2307 933 Ritterus
2334 893 2468 944 expli-

351 975 448 1005 care
478 968 697 1013 tentasset,
740 975 764 1003 e
796 963 1034 1004 coniectura
1063 961 1234 1004 Haasius
1264 961 1393 1013 lianc,
1425 962 1605 1004 Halmius
1630 961 1751 1001 etiam
1777 964 2054 1016 scripserunt.
2112 963 2307 1004 Neutrum
2338 964 2466 1005 credo

347 1035 513 1088 probari
540 1046 674 1087 posse.
718 1033 902 1075 Alterum
932 1033 1039 1074 enim
1069 1033 1213 1074 mirum
1240 1046 1359 1087 quam
1390 1034 1564 1075 otiosum
1596 1038 1679 1086 est,
1708 1033 1878 1075 alterum
1907 1035 1958 1076 ad
1987 1035 2317 1088 exprimendam,
2347 1048 2466 1090 quam

349 1107 455 1148 bene
484 1106 664 1148 Halmius
692 1106 922 1161 perspexit,
953 1106 1196 1147 sententiam
1227 1117 1368 1158 parum
1396 1106 1556 1147 efficax.
1615 1105 1940 1161 Corrigendum,
1981 1108 2023 1147 ni
2061 1106 2206 1148 fallor:
2245 1107 2465 1149 meditatus

348 1178 504 1218 rideris
530 1177 638 1217 ultro
669 1177 845 1228 elegisse.
902 1176 1058 1218 Eodem
1085 1188 1207 1218 sensu
1235 1176 1344 1217 ultro
1373 1176 1476 1229 apud
1505 1176 1688 1218 Tacitum
1718 1176 1934 1218 cumalibi
1964 1179 2154 1235 saepius,
2198 1182 2280 1219 tum
2310 1180 2350 1220 in
2382 1178 2464 1221 hoc

348 1260 431 1290 uno
448 1250 622 1304 Dialogo
650 1255 711 1291 ter
741 1251 954 1302 repetitum
985 1249 1162 1303 legitur:
1195 1262 1232 1289 c.
1263 1250 1299 1291 9.
1330 1249 1440 1289 ultro
1468 1260 1640 1302 roqare,
1673 1261 1708 1289 c.
1741 1249 1805 1291 19.
1834 1248 1944 1289 ultro
1968 1248 2211 1301 admonere,
2242 1263 2279 1294 c.
2307 1250 2373 1292 32.
2401 1250 2470 1291 ul-

350 1323 415 1359 tro
445 1319 642 1359 deridere.
672 1318 762 1359 vid.
789 1319 978 1360 Doederl.
1010 1320 1164 1371 Synon.
1194 1320 1262 1359 ΙΙΙ.
1290 1331 1329 1371 p.
1360 1320 1449 1361 108.
1474 1320 1512 1359 7.

482 1391 523 1432 C.
551 1392 614 1431 12.
645 1389 821 1432 Nemora
848 1401 947 1430 vero
975 1394 1014 1429 et
1045 1390 1125 1429 luci
1155 1394 1195 1430 et
1224 1394 1425 1430 secretum
1451 1390 1607 1442 ipsum,
1636 1390 1744 1442 quod
1756 1391 1872 1442 Aper
1890 1389 2157 1442 increpabat,
2188 1393 2345 1430 tantam
2370 1390 2467 1430 milti

347 1461 527 1515 afferunt
552 1460 827 1513 voluptatem,
860 1464 904 1501 ut
929 1461 1039 1501 inter
1062 1461 1314 1513 praecipuos
1343 1462 1564 1502 carminum
1592 1463 1758 1515 fructus
1784 1473 2012 1514 numerem,
2042 1462 2151 1515 quod
2175 1474 2258 1504 non
2283 1462 2327 1503 in
2354 1466 2467 1504 stre-

346 1534 458 1586 pitu,
487 1544 562 1574 nec
588 1533 753 1573 sedente
772 1537 870 1574 ante
889 1534 1033 1573 ostium
1060 1534 1289 1586 litigatore,
1318 1544 1393 1573 nec
1422 1534 1530 1573 inter
1552 1534 1697 1574 sordes
1723 1544 1776 1573 ac
1803 1535 1997 1574 lacrimas
2022 1545 2188 1574 reorum
2214 1545 2467 1587 componun-

350 1609 419 1645 tur
430 1619 446 1653 ,·
483 1605 557 1645 sed
582 1604 734 1645 secedit
765 1605 926 1644 animus
954 1604 998 1644 in
1025 1605 1116 1644 loca
1142 1616 1251 1657 pura
1276 1609 1399 1657 atque
1427 1606 1682 1655 innocentia,
1709 1606 1945 1658 fruiturque
1970 1606 2135 1646 sedibus
2161 1606 2308 1646 sacris.
2366 1607 2466 1653 Quis

349 1678 531 1720 Tacitum
549 1678 691 1719 credat
708 1677 883 1729 strepitu
905 1679 960 1718 ita
983 1678 1090 1718 nude
1109 1678 1177 1718 hic
1202 1679 1389 1730 posuisse
1403 1709 1416 1727 ‚
1446 1683 1510 1729 ut,
1533 1690 1652 1730 quem
1671 1679 1780 1719 dicat
1799 1680 2011 1731 strepitum
2025 1708 2037 1729 ,
2071 1679 2241 1734 intelligi
2258 1680 2465 1732 nequeat?

349 1750 447 1791 Mihi
471 1763 552 1791 non
573 1749 737 1790 dubium
767 1755 851 1800 est,
882 1751 979 1801 quin
1008 1751 1241 1801 scripserit:
1270 1749 1379 1802 quod
1404 1761 1487 1789 non
1512 1750 1556 1789 in
1586 1749 1761 1801 strepitu
1791 1749 1906 1789 urbis
1915 1777 1930 1797 ,
1960 1760 2036 1789 nec
2060 1750 2225 1790 sedente
2252 1756 2332 1791 etc.
2381 1750 2467 1791 Re-

349 1818 521 1873 spondet
545 1820 731 1860 nimirum
750 1819 954 1860 Maternus
984 1819 1036 1860 ad
1051 1820 1128 1871 jd,
1161 1820 1270 1872 quod
1289 1821 1401 1873 Aper
1428 1833 1466 1861 c.
1496 1820 1536 1862 9.
1565 1820 1750 1871 dixerat,
1781 1822 1936 1873 poetis,
1968 1822 2004 1862 si
2035 1820 2158 1862 modo
2189 1820 2354 1876 dignum
2386 1822 2465 1863 ali-

347 1892 442 1945 quid
472 1891 687 1933 elaborare
713 1891 862 1942 velint,
893 1890 1198 1944 relinquendam
1228 1904 1322 1933 esse
1352 1891 1468 1932 urbis
1495 1891 1784 1933 iucunditatem
1813 1898 1854 1934 et
1881 1897 2021 1934 cetera
2052 1892 2189 1934 officia
2219 1893 2462 1935 deserenda.

480 1964 522 2004 C.
556 1962 617 2003 17.
648 1963 793 2004 Statue
819 1974 896 2004 seoe
925 1966 966 2002 et
992 1963 1285 2016 quinquaqinta
1314 1974 1460 2011 asinos,
1489 1961 1636 2015 quibus
1662 1974 1760 2004 mos>
1773 1962 1905 2004 Divus
1923 1964 2135 2015 Augustus
2158 1974 2245 2002 resi
2261 1961 2465 2015 publicani

346 2036 480 2085 reoeit3
511 2036 642 2076 adiice
666 2036 817 2078 Tiberii
843 2040 930 2077 tres
958 2041 999 2077 et
1023 2036 1189 2089 viginti,
1219 2040 1260 2077 et
1283 2047 1420 2088 prope
1446 2035 1758 2087 quadriennium
1784 2035 1887 2085 Gai,
1915 2033 1968 2075 ac
1998 2034 2060 2076 bis
2087 2039 2309 2088 quaternos
2330 2035 2463 2076 denos

347 2107 507 2151 Claudii
527 2112 566 2148 et
584 2108 761 2151 Neronis
788 2119 943 2158 annos,
970 2112 1094 2162 atque
1122 2109 1231 2150 illuni
1259 2108 1416 2151 Galbae
1445 2112 1485 2149 et
1511 2106 1684 2149 Othonis
1714 2111 1753 2148 et
1785 2107 1929 2149 Vitellii
1965 2108 2123 2160 longum
2159 2112 2199 2147 et
2227 2120 2350 2148 unum
2378 2119 2462 2148 an-

347 2190 468 2230 num,
498 2189 550 2218 ac
577 2183 736 2220 sextam
761 2179 844 2219 iam
869 2179 1001 2232 felicis
1024 2179 1148 2219 liuius
1172 2179 1432 2232 principatus
1455 2180 1694 2230 stationem,
1723 2190 1806 2233 qua
1839 2180 2115 2232 Vespasianus
2146 2191 2232 2219 rem
2258 2179 2462 2232 publicam

346 2251 486 2304 fovet.-
528 2255 687 2291 centum
718 2255 757 2291 et
786 2251 930 2302 viginti
956 2252 1056 2292 anni
1082 2252 1136 2292 ab
1167 2252 1337 2291 interitu
1362 2252 1571 2292 Ciceronis
1596 2253 1640 2291 in
1666 2252 1774 2292 laurac
1802 2252 1906 2291 diem
1934 2252 2197 2304 colliquntur‚
2239 2252 2359 2291 unius
2383 2253 2465 2292 lto-

349 2323 467 2362 niinis
496 2327 625 2362 aetas.
683 2323 898 2364 Excidisse
929 2327 1022 2365 ante
1051 2323 1171 2364 unius
1198 2324 1387 2377 suspicor
1418 2322 1462 2364 id
1489 2327 1565 2373 est,
1594 2323 1702 2377 quod
1732 2335 1822 2364 cum
1853 2323 1948 2364 olim
1975 2335 2048 2376 pro
2077 2334 2190 2364 more
2219 2334 2298 2364 una
2328 2324 2463 2365 littera

345 2396 373 2437 i.
403 2396 596 2447 scriptum
626 2399 755 2444 essct,
793 2406 911 2436 error
951 2399 1061 2436 tanto
1100 2395 1326 2448 proclivior
1353 2401 1466 2436 erat.
1523 2395 1653 2448 Atque
1683 2394 1788 2435 haec
1823 2395 2007 2446 formula,
2041 2394 2091 2435 de
2108 2406 2184 2447 qua
2200 2394 2284 2435 vid.
2304 2394 2464 2437 Ruhnk.

349 2467 401 2508 ad
430 2465 529 2508 Vell.
560 2466 609 2507 lt.
639 2465 723 2511 23..
753 2465 900 2518 legitur
928 2466 1049 2507 etiam
1081 2479 1117 2506 c.
1149 2466 1189 2507 3.
1219 2466 1258 2507 9.
1289 2468 1354 2507 22.

483 2539 528 2580 C.
559 2539 624 2581 96.
655 2537 849 2590 Quodque
876 2538 950 2578 vise
978 2537 1121 2577 auditu
1146 2537 1216 2590 fas
1244 2548 1334 2577 esse
1363 2536 1533 2589 debeat,
1565 2538 1698 2578 laudis
1731 2544 1770 2579 et
1792 2539 1949 2590 ylariae
1978 2543 2017 2577 et
2042 2539 2194 2590 inqenii
2221 2539 2310 2579 loco
2333 2539 2467 2591 pleri-

348 2623 425 2665 que
454 2610 612 2652 iactant
649 2609 816 2651 cantari
856 2609 1080 2664 saltarique
1123 2609 1433 2651 commentarios
1458 2621 1570 2651 suos.
1633 2610 1746 2653 Unde
1777 2611 1911 2652 oritur
1944 2610 2015 2651 illa
2050 2610 2174 2663 foeda
2210 2615 2250 2651 et
2279 2622 2468 2664 praepo-

345 2689 486 2734 stera,
516 2683 589 2725 sed
606 2688 740 2738 tamen
758 2685 950 2738 frequens
970 2682 1208 2737 quibusdam
1229 2684 1472 2725 exclamatio
1485 2714 1497 2734 ,
1525 2685 1571 2724 ut
1591 2687 1781 2725 oratores
1803 2684 1936 2725 nostri
1955 2688 2094 2725 tenere
2108 2683 2270 2733 dicere,
2295 2684 2471 2726 histrio-

347 2770 420 2799 nes
467 2758 620 2799 diserte
659 2757 816 2798 saltare
859 2755 1063 2797 dicantur.
1123 2755 1293 2810 Vulgata
1338 2755 1462 2797 lectio
1505 2755 1578 2795 sed
1624 2759 1758 2797 tamen
1799 2755 1992 2808 frequens
2041 2754 2283 2808 quibusdam
2322 2758 2470 2799 excla-

346 2831 470 2871 matio
518 2830 617 2872 nihil
661 2831 741 2871 nisi
796 2833 1065 2871 commentum
1120 2828 1233 2869 Beati
1279 2828 1461 2869 Rhenani
1511 2832 1599 2880 est,
1651 2829 1718 2881 qui
1767 2842 1819 2869 ex
1865 2832 2061 2881 quatuor,
2112 2841 2218 2882 quae
2261 2831 2303 2870 in
2352 2831 2468 2871 libris

348 2904 437 2945 sine
482 2913 605 2944 sensu
644 2901 886 2957 legebantur
928 2901 1064 2942 verbis
1107 2899 1214 2941 sicut
1254 2899 1318 2941 liis
1360 2899 1463 2941 clam
1501 2903 1567 2949 et,
1620 2912 1741 2942 unum
1782 2899 1879 2942 illud
1929 2913 2046 2942 suum
2085 2899 2325 2954 quibusdam
2364 2914 2471 2944 con-

349 2975 462 3016 flavit
512 2986 652 3028 parum
701 2973 888 3015 feliciter.
975 2973 1121 3014 Postea
1175 2973 1243 3015 alii
1298 2973 1415 3015 aliter
1465 2974 1565 3016 loco.
1614 2983 1805 3027 perquam
1861 2971 2010 3015 affecto
2069 2973 2223 3015 mederi
2277 2976 2469 3029 aggressi

351 3052 457 3087 sunt.
516 3046 636 3087 Velut
664 3045 838 3086 Ritterus
867 3045 945 3087 hoc
983 3045 1126 3087 modo:
1150 3045 1345 3098 frequens
1374 3046 1480 3087 sicut
1508 3045 1697 3087 histrioni
1722 3045 1878 3087 clamor
1906 3050 1946 3086 et
1973 3046 2243 3097 exclamatio,
2273 3047 2465 3089 Haasius:
